2530 3969
1396 469 1565 515 (238)

623 573 696 593 noso
710 563 848 602 undique
865 562 1008 598 inclusus,
1022 561 1155 591 radicum
1170 560 1321 599 elongata,
1335 557 1706 597 tereti-compressit]scula
1718 580 1724 593 ,
1741 556 1971 595 cotyledonibus
1986 555 2227 595 ovato-oblongis
2237 579 2244 592 ,
2258 556 2338 585 radi-

625 628 691 658 cula
707 629 769 658 sere
781 629 872 666 triplo
883 628 1090 661 brevioribus,
1104 626 1167 655 basi
1182 636 1243 654 non
1259 631 1313 654 aut
1327 625 1376 653 vix
1389 624 1529 654 cordatis.

659 695 720 719 Ons.
733 695 806 717 Notis
819 694 991 726 sequentibus
1007 693 1095 724 planta
1112 692 1179 715 inter
1189 691 1353 715 contribules
1366 691 1475 722 insignis
1492 690 1681 715 existimanda.
1695 689 1817 714 soliorum
1832 689 1913 712 forma
1927 693 2004 720 atque
2022 688 2209 720 amplitudine,
2220 687 2340 712 caulibus

628 754 696 778 inter
710 752 888 777 dichotomias
902 751 1016 784 aphyllis
1033 750 1217 779 (dichotomiis
1231 749 1294 773 solis
1310 749 1419 780 solimis)
1432 766 1438 776 ,
1452 748 1515 773 flore
1529 749 1653 772 soemincu
1673 747 1833 780 longiuscule·
1854 746 2001 778 cnlyculato
2019 747 2098 778 (apud
2116 754 2275 778 congeneres
2286 747 2342 779 pst-

625 818 720 844 rasque
735 812 780 843 qui
800 810 885 834 nudus
900 809 1011 832 occurrit
1028 825 1032 833 ‚
1048 807 1088 830 vel
1106 806 1244 830 obscurius
1263 806 1435 835 calyculatus)
1450 824 1455 832 ,
1469 806 1615 830 seminibus
1632 806 1782 830 laevissimis
1795 814 1844 829 nou
1859 805 1967 829 sulcatis
1985 813 2071 837 neque
2085 805 2219 829 fossulatis
2230 822 2235 832 ,
2252 807 2342 830 lereti—

628 871 749 895 obovatis
766 877 815 892 non
833 865 1143 900 pyram{dato-angulatis
1154 884 1159 893 ,
1172 869 1222 887 otc.

939 1021 976 1060 Ξ.
1017 1013 1419 1058 EUPHORBIA
1457 1013 1791 1057 TENELLA.
1832 1013 2031 1056 KUNTH.

674 1151 715 1182 E.
738 1159 865 1189 annua,
886 1145 1040 1192 gracilis,
1061 1144 1312 1191 procumbens,
1335 1143 1489 1176 caulibus
1511 1142 1588 1176 hinc
1614 1142 1789 1189 puberulis
1813 1143 1904 1177 illinc
1925 1142 2073 1189 glabris,
2092 1141 2179 1175 foliis
2199 1140 2342 1186 obliqui·

632 1222 785 1270 ellipticis
805 1219 1004 1254 obovatisxe
1017 1245 1025 1261 ,
1045 1217 1261 1262 3-4-nerviis,
1288 1224 1436 1263 utroque
1453 1216 1604 1262 margine
1624 1217 1725 1263 supra
1747 1216 1897 1251 medium
1917 1216 1968 1250 vel
1988 1216 2083 1263 apice
2107 1215 2217 1249 solum
2235 1213 2346 1248 denti-

628 1296 758 1338 culatis,
773 1294 877 1329 dorso
892 1293 1056 1327 villosulis
1069 1292 1120 1325 vel
1139 1291 1300 1336 utrinque
1320 1289 1463 1337 glabris,
1485 1289 1615 1336 stipulis
1634 1290 1749 1324 liberis
1762 1291 1814 1323 vel
1836 1290 1910 1336 plus
1932 1289 2043 1323 minus
2059 1288 2213 1323 connatis
2227 1315 2235 1330 ,
2251 1287 2348 1322 flori-

627 1371 691 1405 bus
709 1368 916 1411 axium—ibus,
931 1366 1099 1410 solitariis,
1116 1366 1327 1400 ramulorum
1346 1364 1602 1399 abbreviatione
1620 1365 1743 1411 passim
1759 1363 1955 1410 glomeratis
1967 1362 2019 1396 vel
2041 1362 2075 1396 in
2096 1363 2202 1408 spicas
2218 1362 2350 1396 foliatas

628 1445 765 1490 digestis
778 1470 787 1485 ,
803 1441 971 1490 glandulis
990 1440 1273 1476 involucellorum
1292 1439 1480 1486 :equalibus
1498 1438 1754 1482 minutissimis,
1771 1438 1915 1485 capsulis
1931 1436 2097 1484 (ovoisleis
2109 1464 2117 1480 ‚
2137 1437 2235 1483 longe
2252 1435 2347 1483 stipi-

631 1519 705 1552 tatis
728 1519 821 1552 extra
845 1516 1086 1550 imolueellum
1109 1515 1301 1562 pendulis),
1321 1512 1452 1559 majore
1470 1525 1509 1546 ex
1530 1520 1625 1559 parte
1648 1511 1794 1558 glabris,
1816 1513 1936 1546 carinis
1953 1523 2135 1545 coecorum
2160 1510 2240 1544 solis
2259 1508 2350 1556 pube

629 1592 774 1639 rigidula
797 1592 888 1624 recta
909 1598 1043 1638 patente
1066 1602 1133 1624 non
1155 1588 1376 1623 monililormi
1401 1587 1564 1635 hispidis,
1587 1585 1773 1620 seminibus
1791 1583 2053 1633 (mediocribus)
2070 1583 2349 1631 obpyramidato-

626 1667 832 1701 acutiusculc
851 1666 1003 1712 4-gouis,
1021 1664 1184 1708 candidis,
1204 1663 1422 1698 transversim
1439 1661 1586 1709 rugosis,
1604 1660 1786 1695 caruncula
1804 1660 1908 1693 nulla.

665 1738 862 1778 Tithymalus
877 1739 1065 1767 americauus
1076 1737 1183 1767 dulcis.
1205 1738 1299 1767 Vaill.
1316 1736 1408 1765 herlu]

667 1804 845 1843 Euphorbia
860 1804 1107 1833 callitrichoides.
1125 1805 1245 1834 Kunlh!
1260 1804 1289 1831 in
1305 1804 1343 1832 H.
1363 1803 1398 1830 B.
1414 1802 1487 1830 Nov.
1506 1811 1572 1838 gen.
1585 1807 1610 1828 e!
1625 1810 1683 1837 sp.‚
1696 1799 1745 1828 rol.
1762 1799 1780 1826 *2
1791 1799 1989 1837 (1817)‚pag.
2005 1799 2054 1826 52.
2067 1814 2106 1820 —-
2117 1800 2259 1836 A'preng„
2270 1797 2349 1834 «ςγδι.

629 1882 705 1910 vega,
728 1872 779 1901 rol.
805 1872 823 1900 3
846 1872 946 1907 (1826)
959 1894 966 1907 ,
984 1882 1052 1910 pag.
1077 1871 1134 1899 793
1150 1892 1156 1904 ‚
1173 1881 1201 1896 [ι.
1227 1871 1295 1898 101.
1307 1885 1346 1889 —
1364 1867 1461 1895 Clmm.
1480 1873 1505 1894 el
1521 1865 1724 1899 .§·clzleclzteml.‚
1741 1865 1788 1893 Pl.
1811 1865 1910 1892 mea-ic.
1934 1865 1962 1892 ιή
1978 1865 2099 1892 Linnwa'
2111 1885 2119 1896 ,
2134 1863 2185 1891 vol.
2203 1863 2220 1891 5
2235 1863 2353 1899 (1830),

626 1948 694 1975 pag.
713 1938 761 1965 82.

668 2002 703 2031 Ε.
721 2001 840 2031 tenella.
859 2000 983 2031 szllz!
999 2002 1016 2031 l.
1033 2012 1056 2030 c.
1073 2011 1142 2040 pag.
1157 2000 1194 2028 53
1211 2002 1257 2036 (ex
1271 1999 1336 2036 ejus
1350 1997 1463 2037 herb).
1481 2014 1518 2019 ——
1533 1996 1654 2035 Spreng.
1674 1995 1693 2023 l.
1712 2006 1737 2024 c.
1756 2006 1782 2024 rt.
1800 1997 1866 2024 102.

669 2068 703 2096 E.
720 2067 906 2106 trichogona.
926 2067 1040 2103 Ber-Iol„
1053 2066 1136 2095 Misc.
1156 2066 1223 2100 bol„
1237 2065 1255 2093 3
1269 2063 1382 2102 (1844),
1395 2074 1465 2101 pag.
1479 2063 1529 2097 20,
1544 2062 1600 2090 tab.
1622 2062 1639 2090 6
1649 2060 1720 2100 ,fig.
1743 2059 1772 2089 4.

678 2136 763 2167 ΗΑΒ.
795 2133 845 2168 Ad
873 2133 986 2166 littora
1015 2132 1106 2166 sinus
1130 2131 1294 2165 Mexicani
1319 2129 1481 2163 Texana
1509 2128 1596 2162 circa
1624 2126 1704 2161 San
1731 2125 1862 2169 Felipe
1891 2124 1933 2159 cle
1955 2126 2115 2169 Almia,
2139 2125 2197 2158 lat.
2226 2123 2351 2172 29-30

633 2207 834 2253 (Drumm.!
859 2207 948 2240 inter
966 2206 1013 2253 pl.
1035 2218 1115 2239 ann.
1142 2203 1232 2239 1835
1251 2204 1342 2238 miss.
1357 2203 1421 2237 sub
1437 2208 1473 2236 n⁰
1487 2202 1557 2236 228
1571 2229 1579 2244 ‚
1597 2200 1656 2247 qui
1672 2200 1753 2233 vero
1770 2211 1935 2233 numerus
1953 2201 1986 2232 in
2007 2199 2138 2233 collect.
2161 2198 2290 2232 Webb.
2309 2197 2352 2233 ad

635 2283 783 2329 plantam
797 2281 895 2314 aliam
911 2281 1034 2327 nempe
1045 2278 1087 2313 ad
1099 2278 1146 2313 E.
1161 2277 1390 2314 radicantem
1403 2277 1524 2312 Moric.
1542 2277 1682 2323 spectat)
1697 2275 1763 2321 (1),
1776 2281 1808 2307 et
1822 2273 1959 2321 proprie
1976 2273 2161 2314 Mexicana‚
2175 2273 2253 2306 cum
2269 2272 2356 2307 circa

635 2357 799 2404 Xalapam
827 2364 861 2390 et
888 2355 920 2389 in
950 2355 1070 2388 Ticrra
1096 2353 1154 2387 fria
1178 2351 1337 2400 (Schiedc
1362 2359 1396 2385 et
1420 2354 1561 2398 Deppe,
1584 2362 1624 2384 ex
1643 2347 1887 2383 Schlechtend:
1907 2346 1955 2381 E.
1977 2346 2302 2393 callz'triclzoides)3
2323 2347 2355 2380 in

637 2431 785 2473 Autillis,
804 2429 901 2464 Cuba
916 2428 987 2463 scil.
1006 2427 1115 2461 insula
1134 2426 1202 2473 (La
1222 2424 1344 2472 Sagra!
1369 2424 1402 2458 in
1423 2423 1523 2458 herb.
1547 2423 1676 2469 Webb)
1700 2430 1802 2469 atque
1828 2421 2022 2468 Hispaniola
2044 2420 2170 2468 (Pom
2198 2422 2232 2455 in
2254 2421 2353 2455 herb.

637 2505 786 2548 Deless.,
799 2500 1041 2550 Jacquemont!
1060 2501 1093 2535 in
1110 2499 1208 2534 herb.
1227 2499 1396 2544 Hennec.)
1407 2510 1416 2543 3
1429 2497 1461 2532 in
1473 2499 1616 2544 Guyana
1629 2499 1751 2531 Batava
1767 2496 1810 2531 ad
1823 2496 1921 2530 ssum.
1936 2497 2109 2531 Sm’inczm
2124 2493 2308 2541 (Weigeltt
2324 2495 2358 2529 in

638 2580 737 2615 herb.
750 2577 866 2613 Webb
882 2589 889 2610 :
908 2576 955 2611 E.
966 2573 1180 2624 prostrata)
1196 2580 1229 2607 et
1249 2573 1282 2606 in
1302 2571 1434 2606 ditione
1449 2571 1643 2606 Columbiae
1660 2570 1702 2605 ad
1721 2571 1810 2617 ripas
1824 2570 1978 2614 Orinoci,
1995 2569 2081 2603 circa
2097 2568 2306 2617 Maypm·es
2324 2576 2358 2603 et

641 2654 881 2697 Cariclzcma,
898 2651 1041 2699 regione
1065 2647 1309 2684 ferventissima
1333 2646 1398 2692 (H.
1421 2647 1472 2680 ΒΛ
1496 2645 1544 2680 Ε.
1563 2644 1734 2692 terzella);
1755 2645 1857 2680 etiam
1882 2645 1916 2679 in
1943 2644 2028 2679 orbe
2053 2643 2182 2688 veteri,
2206 2642 2265 2678 sed
2284 2643 2360 2677 loco

640 2732 814 2777 hucusque
842 2728 964 2769 unico,
994 2728 1027 2760 in
1050 2723 1221 2759 'reneriffsa
1246 2722 1352 2757 insula
1377 2721 1499 2768 (herb.
1531 2723 1618 2757 Mus.
1649 2722 1766 2768 Pani)
1793 2720 1939 2764 scilicet,
1968 2720 2025 2754 lat.
2065 2732 2133 2767 29,
2158 2718 2361 2778 nominatim

639 2806 680 2841 ad
709 2812 847 2852 portum
874 2802 1040 2838 Orotawa
1069 2797 1230 2846 (Webb).
1251 2816 1293 2820 —
1307 2795 1421 2829 Floret
1439 2795 1629 2829 Februario
1648 2795 1736 2829 circa
1756 2796 1881 2829 Veram
1901 2794 2048 2828 Crucem
2066 2792 2131 2840 (H.
2148 2792 2220 2839 B.),
2237 2792 2362 2826 Martio

677 2961 715 2992 (1)
733 2961 761 2983 ln
777 2958 899 2983 Americfi
915 2962 1021 2988 quoque
1036 2953 1163 2979 soederatfi
1182 2951 1295 2976 occurrit
1313 2949 1346 2974 ad
1364 2949 1499 2973 Aureliam
1519 2949 1619 2971 Novam
1635 2947 1750 2978 (Frank!
1767 2948 1863 2971 exsicc.
1881 2946 1906 2969 in
1920 2946 1997 2969 herb.
2014 2946 2080 2969 Mus.
2102 2945 2197 2971 Paris„
2214 2945 2363 2975 promiscue

641 3016 702 3033 cum
719 3008 749 3030 E.
763 3006 876 3036 depressa
890 3004 978 3029 Torr.,
995 3001 1043 3026 sub
1055 3008 1127 3024 nom.
1143 2998 1294 3030 Euphorbiae
1309 2996 1494 3027 elzamoesyces),
1510 2999 1534 3018 et
1550 2994 1619 3018 cirea
1636 2994 1791 3018 Saint-Louis
1804 2993 1848 3024 (T.
1865 2991 1994 3016 Drumm.!
2014 2999 2075 3016 ann.
2093 2992 2172 3017 1835.
2189 2996 2320 3021 anonyma
2337 2994 2361 3013 et

642 3056 698 3080 sine
712 3052 845 3083 numero).
856 3064 889 3069 —
899 3051 923 3074 J.
938 3049 1005 3080 Gay.
