2530 3969
1051 468 1063 509 (
1095 463 1171 503 281
1205 466 1216 507 )

278 552 325 581 dis
339 553 464 590 ciliatae,
479 554 640 590 revolutae,
655 555 754 584 sulvae.
771 555 891 583 Ama-Nu
905 552 1037 581 mascula
1055 552 1094 580 atl
1110 553 1226 590 apicem
1245 553 1437 582 ramulorum
1456 554 1487 582 in
1505 555 1618 593 spicam
1636 556 1833 594 cylindricam
1851 557 1866 585 4
1884 559 2006 596 pollices

278 617 400 657 longam
417 619 569 658 spiraliter
583 619 793 648 verticillatam
810 618 937 657 digesta,
953 616 1069 655 singula
1085 627 1120 645 ex
1134 616 1223 645 axilla
1237 628 1370 656 squamae
1383 618 1514 647 soliaceae
1529 618 1722 657 prodeuntia²
1739 628 1838 655 ovata,
1854 620 1917 649 basi
1933 629 2010 651 atte-

279 690 383 718 nuata,
401 683 496 719 fulva,
514 684 699 713 connectivis
714 681 1034 722 squamulaesormibus
1050 682 1133 719 apice
1149 680 1228 716 latis.
1247 683 1432 719 rotundatis,
1448 684 1583 722 margine
1599 684 1848 720 scarioso-erosis,
1864 685 2007 715 anthera-

279 758 347 776 rum
364 747 468 777 loculis
483 748 632 787 oblongis,
649 748 733 786 apice
748 745 918 782 latioribuS,
933 745 1047 782 polline
1060 746 1335 776 orato-rotundato
1348 759 1355 775 :
1373 747 1504 776 feminea
1519 748 1662 784 solitaria,
1679 755 1790 784 erecta,
1805 750 1907 787 stipite
1923 761 2007 790 squa-

278 814 360 842 mata
377 815 395 843 5
411 813 463 843 lin.
479 813 565 852 longa
581 813 676 841 crassa
691 812 814 849 stipata,
829 811 846 838 5
856 810 909 840 lin.
924 809 1024 849 longa,
1035 810 1053 838 3
1064 809 1117 839 lin.
1132 810 1206 846 lata,
1220 818 1320 848 ovata,
1334 810 1455 848 obtusa,
1466 823 1634 851 purpurea,
1645 823 1712 841 rore
1720 812 1826 851 glauco
1838 824 2006 853 conspersa,

278 879 413 917 squamis
428 878 491 907 basi
507 877 655 907 bracteola
669 876 984 916 oblongo-rotundam&
1000 876 1111 905 adnata
1131 876 1265 915 stipatis,
1285 877 1369 916 apice
1385 876 1739 907 rhomboideo-dilatatis
1750 901 1757 915 ‚
1774 877 1853 907 linea
1868 880 2007 909 mediana

277 942 422 972 lateribus
436 942 514 971 alata
529 942 694 981 percursis,
714 942 806 980 supra
824 941 863 970 ad
885 942 1054 980 marginem
1073 941 1156 971 intus
1170 952 1323 971 reversam
1341 942 1481 974 dentatis.
1502 943 1637 973 Srnomm
1651 945 1784 983 juniores
1799 945 1989 974 erectiusculi
2001 969 2008 978 ,

276 1008 374 1037 adulti
389 1006 588 1046 horizontales
603 1005 651 1035 vel
665 1005 830 1035 subdessexi
840 1029 848 1041 ,
872 1008 891 1036 9
905 1007 1029 1046 pollices
1043 1007 1144 1047 longi,
1170 1011 1186 1038 3
1209 1008 1333 1048 pollices
1348 1009 1402 1038 lati
1418 1009 1464 1039 vel
1481 1010 1577 1039 rarius
1592 1010 1623 1038 in
1638 1009 1798 1039 arboribus
1814 1011 1893 1039 inter
1908 1017 2009 1040 cautes

278 1073 376 1102 aridas
389 1072 485 1102 enatis
499 1073 582 1112 2-112
597 1071 720 1110 pollices
735 1071 834 1111 longa,
852 1075 865 1101 1
884 1072 958 1111 poll.
972 1072 1046 1110 lata,
1061 1073 1307 1114 ovato-oblonga,
1324 1074 1444 1110 obtusa,
1461 1076 1597 1115 squamis
1612 1077 1642 1104 in
1658 1076 1753 1114 spiras
1762 1077 1828 1106 9-11
1842 1075 2007 1114 dispositis,

275 1138 361 1176 spiris
376 1138 391 1166 'e
406 1138 541 1176 squamis
556 1137 606 1165 7-9
620 1137 765 1167 confectis
776 1160 784 1174 ‚
800 1138 883 1176 apice
898 1137 1054 1167 rhombeis
1064 1161 1071 1174 ,
1088 1139 1188 1167 carina
1203 1141 1292 1168 acuta
1307 1141 1477 1169 transversa
1491 1141 1640 1179 percursis
1653 1163 1661 1176 ‚
1678 1139 1780 1169 medio
1794 1141 1825 1169 in
1841 1140 2007 1170 umbonem

275 1202 413 1232 obtusam
428 1202 522 1240 magis
537 1201 586 1230 vel
600 1202 704 1231 minus
719 1209 893 1241 porrectum
908 1203 1110 1234 exstantibus.
1135 1204 1251 1234 samm
1267 1204 1514 1245 elongato-ovata
1527 1216 1715 1244 compressa,
1732 1205 1831 1243 fusca,
1851 1205 1898 1235 ala
1922 1206 2006 1236 fulva

241 1292 243 1299 A
275 1267 388 1297 semine
403 1265 558 1305 subdupli)
573 1266 719 1306 longiore.

456 1445 681 1478 ADDENDA
711 1457 752 1478 ET
780 1446 1079 1481 CORRIGENDA
1109 1461 1151 1482 AD
1180 1460 1286 1482 Finem
1315 1448 1825 1482 DtCOTYLEDONEARUM.

326 1556 414 1588 Soet.
440 1567 471 1598 2,
492 1567 569 1602 pag.
593 1568 628 1590 11
653 1564 686 1589 et
705 1569 783 1604 pag.
806 1557 884 1592 153.

326 1631 419 1663 Mors
429 1630 867 1679 'l'inguarri.—Cujusdam
881 1633 1030 1668 historiae
1039 1635 1254 1669 Canariensis
1265 1638 1311 1670 uti
1321 1634 1531 1669 credidimus
1541 1633 1638 1680 periti
1652 1633 1762 1667 verbis
1773 1633 2007 1681 fisi‚Tinguar-

276 1715 351 1737 rum
365 1703 504 1738 heroem
525 1704 771 1750 Nivariensem‚
791 1707 844 1741 cui
861 1720 971 1753 genus
986 1709 1178 1755 plantarum
1195 1709 1296 1744 nobis
1311 1709 1535 1743 suadentibus
1553 1711 1570 1742 a
1591 1709 1632 1742 cl.
1656 1709 1830 1742 Parlatore
1846 1708 2006 1749 dleatum,

276 1778 350 1811 navi
374 1791 451 1813 cum
474 1780 576 1813 fratre
595 1783 770 1816 Bencomo
790 1783 990 1830 impositum
1013 1793 1164 1819 mortem
1182 1784 1245 1819 sibi
1269 1797 1328 1833 per
1346 1785 1493 1819 inediam
1511 1784 1732 1828 conscivisse,
1754 1784 1835 1818 salso
1851 1784 2006 1818 diximus.

276 1854 435 1888 Mortuus
451 1862 502 1888 est
516 1867 576 1902 per
590 1855 737 1890 inediam
751 1857 836 1891 alius
850 1858 957 1905 reguli
973 1870 1100 1892 comes.
1116 1859 1348 1905 Tinguarrum
1358 1870 1449 1892 anno
1464 1858 1640 1904 superiore
1658 1858 1747 1905 1496
1761 1867 1838 1906 post
1850 1859 2006 1906 praelium

278 1930 491 1974 Lagmoeuse,
511 1928 568 1962 ubi
585 1929 778 1964 incredibili
791 1929 928 1965 audacia
943 1939 1172 1978 pugnaverat,
1190 1931 1380 1979 fugientem
1399 1932 1496 1966 miles
1512 1933 1683 1966 insecutus
1695 1933 1884 1967 vulneravit
1899 1941 1933 1968 et
1949 1945 2006 1967 ne-

274 2004 459 2050 quicquam
480 2004 594 2051 lingua
614 2007 673 2040 sua
687 2004 829 2041 eluceat·
840 2019 986 2053 guqroc
1002 2006 1255 2053 (ct-clzimencey·
1268 2009 1376 2042 Resce
1392 2006 1577 2042 Benclzom
1595 2009 1616 2043 i.
1633 2021 1664 2042 e.
1686 2021 1784 2055 parce
1804 2010 1938 2056 proceri
1955 2022 2007 2044 re—

275 2078 326 2125 gis
340 2079 500 2112 Bencomi
513 2079 621 2123 lratri,
638 2078 808 2126 ejulantis,
826 2088 946 2127 pectus
963 2079 1055 2114 hasta
1070 2080 1261 2115 transfodit.
1283 2082 1430 2128 Corpori
1445 2089 1588 2115 cruento
1601 2089 1635 2115 et
1651 2082 1704 2115 vix
1717 2083 1918 2129 agnoscibili
1933 2083 2007 2118 illu-

275 2152 362 2186 dunt
377 2152 515 2199 Hispani
530 2152 746 2199 pedibusque
762 2153 934 2197 ferientes,
957 2167 972 2186 «
986 2153 1038 2188 hie
1056 2162 1106 2188 est
1123 2153 1190 2189 dux
1211 2154 1266 2188 ille
1285 2153 1524 2199 formidabilis,
1536 2154 1590 2188 hic
1605 2154 1720 2189 damni
1737 2156 1844 2190 nostri
1858 2164 1892 2190 et
1903 2157 2007 2191 cladis

275 2226 504 2271 Acentejensis
524 2227 747 2270 machinator,
763 2240 779 2260 »
801 2227 1031 2262 clamitabant.
1054 2229 1168 2276 Caput
1183 2229 1370 2263 abscissum
1391 2229 1538 2263 Alonzus
1554 2237 1632 2263 ante
1653 2237 1761 2264 castra
1783 2230 1854 2264 tolli
1874 2230 2003 2276 jussus,

278 2301 445 2347 templum
459 2300 572 2346 juxta,
595 2300 690 2347 quod
708 2313 799 2335 nunc
815 2310 948 2346 manet,
973 2302 1182 2346 laetissimus,
1207 2303 1294 2338 divae
1311 2303 1429 2348 gratiae
1453 2302 1572 2337 datrici
1592 2315 1670 2337 cum
1690 2303 1806 2337 multis
1827 2304 2004 2349 precibus,

274 2376 477 2423 praesulibus
496 2375 739 2409 comitantibus
756 2376 860 2411 vovit.
881 2376 975 2421 (Vid.
997 2378 1093 2411 Viera
1110 2378 1271 2422 Noticias,
1289 2378 1357 2412 vol.
1375 2391 1409 2421 2,
1429 2390 1507 2426 pag.
1525 2377 1629 2425 222.)

322 2452 410 2484 Sect.
430 2463 464 2492 2,
477 2463 552 2498 pag.
572 2450 1061 2487 161.-F1znum?ssonwost
1079 2452 1169 2487 Nob.
1186 2461 1236 2487 est
1255 2452 1407 2500 Cachrys
1421 2461 1574 2488 tortuosa
1594 2453 1686 2488 Nob.
1703 2453 1734 2487 in
1749 2456 1878 2501 Bourg.
1896 2453 2000 2501 plant.

273 2536 347 2559 can.
366 2525 482 2560 scllcd.

323 2601 412 2634 Sect.
434 2600 473 2641 3,
491 2612 570 2647 pag.
588 2600 646 2635 66.
665 2621 712 2626 -—-
726 2604 982 2636 ssxsTnopocox
1001 2613 1199 2636 ruchATus
1216 2601 1367 2636 L’Herit.
1386 2622 1428 2627 —
1445 2603 1585 2637 Meliora
1603 2601 1744 2649 hujusce
1762 2603 1885 2649 planta}
1898 2604 2006 2651 speci-

274 2675 363 2708 mina
376 2687 414 2708 ex
425 2674 547 2709 eodem
563 2675 636 2709 loco
650 2677 749 2709 traxit
763 2676 804 2709 cl.
825 2678 1043 2723 Bourgezeus.
1058 2676 1178 2711 EstB.
1194 2675 1348 2712 Smitlzii
1362 2677 1451 2712 Nob.
1471 2677 1502 2711 in
1518 2680 1647 2724 Bourg.
1667 2677 1771 2724 plant.
1791 2690 1865 2712 can.
1885 2678 2000 2713 sched.

323 2751 410 2783 Sect.
432 2761 450 2782 2
465 2777 472 2791 ,
493 2762 569 2796 pag.
594 2749 671 2794 124.
691 2750 742 2784 Ad
757 2749 883 2785 calcem
900 2751 1160 2786 Solanacearum
1178 2764 1263 2798 quas
1278 2750 1466 2786 elaboravit
1487 2752 1530 2786 cl.
1551 2753 1594 2786 H.
1616 2753 1658 2786 G.
1675 2751 1913 2787 Reichenbacli
1927 2753 2000 2800 jun.

271 2816 438 2858 addendae
451 2823 580 2871 species
594 2833 774 2871 sequentes
788 2825 993 2873 typographi
1009 2826 1199 2874 splialmate
1213 2826 1341 2862 oblitae.

435 3113 478 3132 ιιι.
490 3119 529 3123 -—
541 3102 582 3139 (3ο
604 3102 696 3138 ster.)
1804 3103 1839 3130 36
