2530 3969
957 500 1124 545 (295)

658 668 809 699 Sne-ruo
836 665 860 696 I.
897 659 1422 697 CHOEROPIIALLUS.

227 766 350 812 §pallia
370 774 527 812 angusta,
550 763 677 802 viridis,
702 761 854 795 inodora.
876 759 998 806 Spadix
1016 759 1407 806 continuoandrogyna,
1431 759 1637 805 genitalibus
1651 758 1902 792 rudimentariis

179 839 293 883 nullis,
313 839 500 887 appendice
516 837 707 881 longissima
727 833 840 879 gracili
861 835 970 866 acuta.
994 833 1115 866 Ovaria
1135 833 1338 879 mucilagine
1357 833 1449 867 nulla
1467 833 1581 866 l'areta.

356 997 419 1036 16.
452 987 980 1034 DRACUNCULUS
1011 987 1493 1034 CANARIENSIS.
1536 988 1732 1031 KUN'rn.

233 1104 272 1136 D.
298 1101 388 1135 foliis
408 1099 536 1146 podatis
555 1100 740 1143 segmentis
757 1098 952 1132 lateralibus
973 1097 1321 1143 lineari-lanceolatis3
1344 1097 1460 1144 spatha
1475 1097 1563 1131 soliis
1581 1097 1736 1144 longiore
1750 1124 1757 1138 ‚
1776 1096 1907 1143 gracili,

184 1176 272 1209 intus
289 1174 439 1219 laevigata
452 1172 593 1218 spadicis
609 1171 797 1219 appendice
818 1173 905 1214 laevi,
927 1172 1097 1214 lacunosa,
1116 1171 1233 1219 spatha
1247 1172 1300 1205 vix
1319 1172 1489 1206 breviore.

221 1248 315 1276 Arum
327 1245 542 1275 Dracunculns.
561 1245 634 1273 Lz’tzk
650 1246 678 1273 in
693 1245 789 1279 Buclz,
808 1245 925 1275 Beschr.
946 1246 1021 1276 Can.
1040 1247 1117 1282 Jns.,
1132 1257 1203 1286 pag.
1220 1247 1275 1275 138
1297 1253 1326 1274 et
1347 1244 1426 1274 Buch
1438 1268 1445 1277 .
1468 1245 1548 1279 ibid,
1573 1256 1645 1284 pag.
1666 1245 1730 1274 169.
1746 1261 1784 1266 ——
1801 1243 1903 1272 mmm.

186 1314 301 1346 Εηιιηι.,
319 1312 367 1340 vol.
383 1312 413 1347 3,
426 1322 494 1350 pag.
514 1312 564 1346 30,
580 1310 681 1350 quoad
698 1310 835 1349 plantam
847 1310 1073 1340 Canarienseln.

220 1376 428 1407 Dracuncnlus
440 1376 620 1405 canariensis
631 1377 743 1406 szlli.
752 1399 759 1412 ‚
775 1377 841 1406 ibid.

228 1443 417 1471 Tacaronn'lla
432 1448 461 1470 et
479 1442 653 1480 Tmagonlt'a
669 1441 910 1472 Canai-lensium.

222 1508 326 1538 Dasea.
345 1508 447 1536 Tuum
465 1518 598 1536 crassum
609 1531 616 1541 ,
634 1507 804 1536 rotundum
822 1507 964 1536 soliorum
979 1508 1197 1536 annotinorum
1213 1507 1335 1536 basibus
1347 1518 1546 1547 squamosum
1560 1508 1703 1537 radiculis
1714 1510 1794 1547 apice
1810 1519 1912 1537 conia-

185 1581 262 1602 tum.
279 1572 367 1602 FoLn
382 1573 465 1602 l-vel
478 1573 695 1611 sesquipedalia
713 1573 924 1608 erectiuscula,
938 1572 1045 1611 spatha
1060 1572 1198 1602 breviora
1210 1596 1217 1609 ‚
1228 1573 1331 1612 glabra
1342 1596 1350 1610 ‚
1364 1572 1476 1611 pallide
1487 1573 1607 1609 viridia,
1624 1574 1744 1612 pedam,
1757 1581 1911 1613 segmento

186 1638 365 1667 intermedio
381 1637 558 1674 lant-colato,
574 1637 750 1667 lateralibus
764 1638 960 1676 3-5-part'1tis,
978 1637 1056 1666 lobis
1071 1637 1208 1676 oblongis
1225 1637 1272 1667 vel
1286 1637 1606 1677 oblongo-lanceolatis
1618 1662 1625 1675 ,
1641 1640 1821 1668 acuminatis
1832 1662 1838 1674 ‚
1855 1650 1913 1678 pe-

187 1703 257 1733 tiolo
271 1705 376 1733 striato
389 1727 396 1740 ,
413 1704 533 1743 glabro,
552 1704 639 1733 viridi
656 1703 694 1733 ad
710 1704 847 1733 inedium
863 1704 911 1733 vel
926 1703 1006 1732 ultra
1024 1703 1161 1732 medium
1182 1704 1213 1732 in
1233 1704 1372 1743 vaginam
1393 1704 1612 1734 suhseariosam
1631 1705 1912 1744 viridi-purpureo-

187 1769 366 1798 maculatam
382 1771 464 1808 apice
475 1769 672 1799 rotundatum
687 1768 816 1797 liberam
829 1767 964 1798 dilatata.
978 1767 1083 1796 Scarus
1095 1767 1211 1805 pedalis
1222 1767 1270 1796 vel
1282 1768 1445 1807 2-pedalis‚
1462 1769 1579 1801 viridis.
1595 1770 1705 1799 SrATnA
1721 1771 1914 1810 semipedalis

186 1834 233 1863 vel
249 1834 364 1874 pedalis
376 1858 383 1871 ‚
399 1842 525 1874 angusta
535 1858 542 1871 ,
559 1834 762 1874 cylindracea,
777 1833 874 1869 laevis,
890 1834 974 1871 apice
992 1833 1103 1861 sensim
1119 1834 1150 1861 in
1165 1844 1292 1862 acumen
1307 1840 1465 1864 attenuata
1479 1846 1575 1875 usqne
1586 1836 1624 1865 ad
1636 1837 1721 1865 basin
1734 1837 1802 1866 fissa
1813 1859 1820 1872 ‚
1838 1836 1914 1866 tubo

188 1900 283 1936 nullo,
299 1900 400 1939 glabra
411 1900 521 1938 pallide
532 1901 643 1930 virens.
660 1898 767 1928 Srimix
783 1899 891 1935 libera,
903 1898 1011 1937 spatha
1028 1898 1160 1933 brevior,
1177 1899 1307 1938 gracilis,
1323 1899 1387 1929 basi
1402 1901 1591 1940 pistilligera‚
1605 1901 1691 1931 nullo
1704 1903 1783 1931 inter
1796 1902 1911 1941 pistilla

187 1966 339 2004 superiora
351 1973 380 1995 et
390 1966 557 1994 staminum
568 1964 741 2005 cylindrum
752 1965 876 1994 brevem
889 1966 981 2003 supra
992 1964 1112 1993 nudum
1123 1964 1296 2000 intervallo,
1304 1972 1393 2003 teres,
1406 1977 1476 1995 mox
1488 1968 1520 1995 in
1530 1967 1729 2006 appendicem
1742 1968 1914 2008 elongatam

188 2031 443 2069 myosuroideam,
460 2031 611 2068 flavidam,
628 2031 737 2067 levem,
753 2030 974 2066 lacunulosam,
991 2032 1198 2070 spongiosam,
1217 2039 1338 2061 acutam
1354 2039 1536 2071 protractuS.

222 2098 280 2122 01³⁸.
297 2098 362 2121 Cum
379 2097 464 2129 primo
483 2105 591 2121 manum
610 2098 672 2121 llulc
685 2098 757 2129 operi
775 2097 944 2121 admovimus
957 2115 963 2124 ‚
981 2098 1022 2120 vir
1036 2099 1159 2121 acerrimi
1178 2099 1275 2130 ingenii
1294 2098 1469 2123 Endlicherus
1490 2100 1608 2124 mirabili
1632 2101 1738 2125 solertia
1761 2101 1912 2126 elaboratos

189 2163 315 2187 generum
328 2156 445 2180 nondum
459 2156 643 2188 divulgaverat
656 2159 830 2180 characteres.
849 2156 906 2179 Non
922 2156 1010 2179 omnia
1026 2155 1099 2187 quod
1112 2156 1209 2179 summi
1226 2158 1353 2180 momenti
1370 2164 1466 2188 organa
1482 2163 1543 2182 tunc
1559 2160 1663 2191 cognita
1679 2164 1758 2191 atque
1774 2161 1839 2192 ipsis
1851 2162 1913 2184 tiro-

191 2216 268 2239 nibus
283 2220 383 2247 aperta.
400 2215 517 2239 Viriliter
533 2216 610 2246 igitur
621 2234 626 2243 ,
643 2222 675 2238 ne
690 2216 826 2247 proposito
842 2214 1009 2244 deseremus,
1027 2222 1085 2246 quae
1105 2215 1216 2239 ditionis
1233 2220 1327 2239 nostrae
1344 2215 1416 2240 illico
1432 2216 1594 2242 recudimus,
1613 2218 1686 2242 Nunc
1703 2223 1791 2242 autem
1809 2227 1839 2243 ea
1856 2224 1914 2243 tan-

191 2276 254 2303 tum,
272 2282 329 2306 quae
345 2279 389 2298 ant
407 2281 473 2297 nova
491 2278 534 2297 aut
548 2275 640 2305 parum
654 2278 716 2297 nota
731 2279 774 2298 aut
789 2275 876 2306 specie
889 2274 1007 2298 admissa
1022 2276 1099 2302 nova,
1117 2274 1253 2304 varianda,
1270 2279 1453 2299 retractamus.
1467 2276 1647 2305 Quamobrem
1662 2278 1847 2302 Drsscunculum
1859 2278 1915 2302 adi·

191 2341 258 2357 mus.
268 2333 437 2356 Draczmculns
451 2332 626 2356 Tournesortii
641 2331 654 2355 a
669 2331 785 2356 Schouio
801 2332 960 2356 instauratus
975 2331 1073 2356 celebri
1089 2332 1205 2356 Kuntliio
1220 2333 1301 2356 nimis
1315 2333 1413 2357 debilis
1431 2335 1501 2358 visus
1514 2339 1553 2358 est
1569 2339 1593 2358 et
1607 2335 1640 2359 ab
1657 2336 1707 2359 Aro
1723 2336 1767 2359 vix
1781 2335 1914 2361 divellen-

191 2393 249 2423 dus,
263 2393 326 2424 quia
340 2391 373 2415 ab
388 2392 444 2423 ipso
457 2395 482 2416 et
495 2391 509 2414 a
521 2390 623 2415 clariss.
641 2389 783 2414 Endlicher
799 2397 849 2413 non
865 2391 939 2414 secus
952 2398 982 2414 ac
997 2392 1017 2414 si
1034 2390 1112 2414 ovula
1124 2392 1147 2415 ei
1164 2391 1302 2423 parietalia
1315 2397 1399 2416 essent
1416 2397 1443 2416 ut
1458 2394 1483 2416 in
1496 2396 1557 2421 Aro,
1577 2393 1726 2426 descriptus
1737 2412 1742 2422 ,
1760 2395 1851 2418 revera
1867 2403 1914 2419 au-

193 2456 244 2474 tem
256 2451 392 2483 superiora
407 2457 439 2474 ex
453 2448 548 2480 angulo
562 2449 646 2472 ovarii
661 2448 709 2472 sub
725 2450 782 2480 ipso
795 2450 918 2480 stigmate
933 2450 1047 2481 pendula
1061 2467 1067 2478 ‚
1082 2451 1205 2475 inferiora
1220 2451 1253 2475 ab
1266 2453 1309 2476 axi
1324 2457 1420 2477 erecta.
1436 2454 1504 2477 Bene
1517 2453 1668 2477 observavit
1683 2453 1777 2477 doctus
1789 2454 1915 2478 Blumeus

193 2510 348 2542 <Rumpl1ia.
360 2516 420 2541 pag.
434 2510 480 2532 117
493 2513 518 2532 et
533 2509 591 2539 124)
607 2508 674 2531 hanc
688 2507 867 2532 differentiam
880 2509 982 2541 adjecta
995 2510 1119 2534 soliorum
1133 2511 1215 2543 ligura
1228 2511 1410 2536 diversissima
1421 2520 1516 2544 genera
1530 2512 1637 2545 pai-tilia
1652 2512 1710 2543 (sed
1721 2514 1792 2537 enim
1807 2514 1850 2537 vix
1863 2513 1915 2537 sor-

194 2568 249 2599 sim)
266 2567 362 2591 reddit.
376 2565 568 2590 Corrobomiur
581 2566 677 2597 speciei
698 2570 792 2590 nostrae
807 2567 1006 2593 characteribus
1019 2576 1100 2600 genus
1112 2570 1154 2593 eui
1171 2576 1256 2602 neque
1269 2572 1347 2602 supra
1364 2578 1450 2603 neque
1465 2570 1532 2594 infra
1546 2572 1660 2595 stamina
1672 2579 1768 2603 organa
1782 2571 1918 2596 rudimen-

195 2628 259 2651 taria
275 2626 327 2650 ulla
342 2630 367 2650 et
380 2625 441 2649 inde
460 2625 545 2649 forsan
561 2626 593 2648 ad
606 2625 759 2655 Pythonieas
772 2625 947 2650 adscribenda
969 2632 994 2651 et
1014 2629 1074 2652 novi
1093 2630 1196 2660 generis
1217 2637 1263 2661 pro
1281 2634 1342 2662 typo
1357 2629 1491 2654 habenda.
1510 2630 1568 2654 Alia
1587 2638 1692 2663 quoque
1713 2632 1791 2663 stirps
1807 2631 1917 2664 hujusce

194 2685 367 2710 conturmalis
384 2684 485 2708 ordinis
502 2684 631 2708 Colocasia
647 2685 830 2717 nymphoeifolia
842 2686 930 2709 Kuntli
943 2685 977 2710 ad
988 2694 1118 2718 aquarum
1131 2688 1231 2712 rivulos
1244 2693 1268 2712 et
1284 2689 1391 2713 canales
1411 2693 1489 2721 atque
1504 2691 1586 2714 etiam
1599 2689 1634 2713 ad
1647 2697 1726 2722 rupes
1744 2692 1916 2715 scaturientes

196 2744 247 2768 sere
261 2749 404 2776 spontanea
418 2743 498 2767 evasit
516 2744 560 2766 sed
572 2744 706 2767 inventitia
719 2748 744 2768 et
755 2744 789 2768 ob
806 2744 898 2768 tubera
913 2745 1045 2769 esculenta
1063 2746 1132 2771 culta
1147 2754 1206 2779 quae
1223 2746 1317 2773 it‘tmnes
1329 2753 1466 2772 vocantur.
1482 2749 1543 2772 Post
1558 2748 1663 2780 longam
1677 2753 1811 2774 cocturam
1825 2756 1916 2774 come-

196 2803 292 2826 duntur
305 2803 349 2826 sed
361 2803 461 2826 viscosa
474 2807 533 2826 sunt
549 2807 574 2826 et
588 2803 681 2834 parurn
697 2802 789 2834 sapida
808 2802 950 2836 alvumque
963 2803 1098 2829 cohibent.
