2530 3969
867 457 878 496 (
910 451 992 490 ²239
1024 456 1034 493 )

94 554 124 586 iu
145 551 340 598 llispaniola
361 547 583 595 (Jacquem.),
602 547 692 591 Majo
710 544 753 578 ad
769 543 952 577 Orinocum
972 542 1033 585 (H.
1055 542 1131 585 13),
1148 541 1303 586 Augusto
1323 540 1409 572 circii
1428 539 1589 584 Xalapani
1605 540 1757 585 (schied.
1774 551 1809 576 et

94 626 237 673 Depp.),
250 622 441 669 Septembri
461 622 490 655 in
504 621 620 654 Tierra
635 618 692 652 fria
705 617 807 662 (iid.),
821 615 1005 649 Decembri
1023 615 1053 647 in
1067 614 1250 655 'l'enerill'a,
1263 619 1296 647 et
1313 613 1414 658 igitur
1428 623 1488 658 per
1501 624 1580 645 ann.
1598 614 1664 646 scre
1679 622 1803 648 totum.

128 699 188 722 OBS.
205 696 364 728 Eupliorbiae
384 694 584 719 Burmannianae
601 690 678 714 valde
701 690 786 714 affinis
804 688 912 721 planta,
933 687 977 711 sed
997 688 1066 711 notis
1087 686 1221 710 nonnullis
1242 685 1365 709 facilibus
1387 685 1477 716 procul
1495 685 1576 708 dubio
1599 685 1810 712 distinctissima.

95 756 165 780 Folia
183 755 303 786 clliptica
317 753 356 776 vel
371 752 494 778 ohovata,
510 752 553 774 vix
570 749 686 780 unquam
702 746 826 777 oblonga.
842 744 1002 769 Involucella
1016 744 1119 776 longius
1133 744 1291 776 pedicellata
1303 760 1310 770 ‚
1330 743 1414 774 magis
1433 742 1619 774 campanulata
1631 743 1808 774 ,glalierriiua

93 821 146 837 non
162 812 286 845 atlpresse
301 812 403 835 villosa.
423 808 540 841 Capsulae
556 807 659 838 longius
675 806 800 837 stipitatae
817 805 852 834 (et
868 804 947 836 igilur
964 812 1016 827 non
1037 804 1175 828 declinatae
1196 802 1282 826 solum
1294 820 1299 827 ,
1314 801 1360 826 sed
1375 802 1449 825 extra
1470 801 1659 825 involucellunn
1678 802 1811 833 pendulae)

94 872 209 895 ovoideae
227 878 278 894 non
293 870 389 894 conicae
400 885 406 895 ,
421 868 452 890 ad
468 865 579 897 angulos
594 863 679 887 solnm
694 862 757 895 pilis
778 863 875 895 sparsis
894 863 963 886 recta
979 862 1130 894 patentibus
1146 861 1324 885 teretiusculis
1339 860 1451 892 liispidce
1467 868 1519 883 non
1534 860 1594 884 reris
1613 860 1683 891 pube
1703 861 1812 884 monili-

95 930 170 952 furmi
197 928 321 960 adpressfi
345 924 462 956 undique
482 922 598 946 villosae.
619 921 725 944 Semina
744 919 858 943 dimidio
882 920 934 944 sere
957 920 1085 944 crassiora
1108 919 1246 943 manifeste
1272 919 1458 950 multi—rugosa
1486 926 1536 941 non
1565 919 1676 942 obst-ine
1698 919 1813 943 sulcato-

92 991 201 1010 coslam.

130 1042 236 1071 Descn.
255 1040 349 1069 RAmx
371 1038 434 1067 sine
454 1035 550 1065 dubio
573 1045 685 1065 annua.
709 1034 823 1064 CAULES
837 1045 873 1063 ex
890 1036 949 1064 una
968 1034 1068 1064 radica
1089 1035 1236 1074 plurimi,
1251 1036 1282 1064 in
1297 1034 1403 1064 orbem
1420 1034 1657 1073 procumbentes
1669 1057 1676 1071 ,
1689 1041 1794 1063 tenues
1806 1057 1813 1070 ,

94 1107 161 1135 inde
181 1107 197 1134 a
214 1104 277 1133 basi
296 1101 513 1138 famosissimi,
531 1099 608 1128 hinc
623 1099 718 1138 glabri
730 1123 738 1136 ,
750 1099 833 1128 illinc
848 1099 928 1138 pube
945 1101 1039 1139 crispei
1053 1100 1231 1130 brevissima
1246 1101 1345 1129 vestiti
1358 1123 1365 1136 ,
1379 1099 1466 1128 nodis
1480 1100 1550 1128 imis
1563 1099 1702 1138 colloque
1717 1099 1815 1127 rarius

94 1169 184 1211 (apud
199 1169 349 1207 specimen
367 1167 492 1195 unicum
514 1164 707 1201 Havanense)
728 1163 933 1193 radicantibus
946 1187 953 1201 ‚
969 1164 1118 1203 palmares
1131 1188 1139 1202 ,
1151 1164 1200 1194 vel
1216 1164 1255 1194 ad
1275 1175 1433 1194 summum
1454 1163 1634 1203 spithamaei.
1655 1164 1813 1194 Gmxnum

92 1237 350 1267 dichotomiarum
373 1233 552 1262 brevissima
571 1238 726 1262 truncata.
748 1231 840 1260 FomA
862 1231 1040 1270 petiolulata
1052 1255 1059 1268 ‚
1072 1231 1218 1261 herbacea
1230 1255 1237 1268 ,
1253 1233 1420 1270 semiopaca
1433 1255 1440 1268 ,
1454 1231 1587 1270 elliptica
1603 1231 1650 1260 vel
1665 1231 1795 1261 obovata
1807 1255 1814 1268 ,

91 1303 196 1332 obtusa
212 1312 271 1330 non
286 1308 386 1330 retusa
397 1322 404 1334 ,
420 1302 433 1328 1
454 1299 533 1328 lie-3
551 1298 610 1328 lin.
627 1298 717 1337 longa
728 1319 738 1333 ,
754 1299 801 1326 1-2
815 1297 868 1326 lin.
890 1297 949 1326 lata
962 1320 970 1334 ,
990 1299 1100 1336 passim
1116 1299 1219 1327 onmia
1234 1299 1376 1335 minima,
1389 1298 1559 1328 3-4-nervia
1573 1321 1580 1335 ,
1596 1298 1670 1327 facie
1688 1297 1813 1333 viridia,

90 1369 178 1398 dorso
192 1367 369 1407 pallidiora,
388 1365 436 1394 vel
454 1366 599 1403 utrinque
618 1364 707 1403 plan'e
723 1363 826 1402 glauca
844 1363 935 1403 (apud
952 1364 1117 1402 specimina
1133 1365 1283 1403 imprimis
1292 1365 1448 1404 Jacquem.
1463 1376 1498 1394 ex
1513 1364 1713 1405 Hispaniola),
1727 1363 1815 1393 dorso

90 1432 230 1463 villosula
241 1433 288 1461 vel
306 1431 452 1470 utrinque
467 1430 529 1459 fcr‘e
543 1428 648 1468 glabra
659 1451 666 1461 ,
680 1428 762 1467 apice
777 1427 876 1457 solum
892 1427 940 1456 vel
954 1428 1089 1466 margine
1104 1435 1235 1467 utroque
1251 1430 1347 1468 usquc
1362 1429 1400 1458 ad
1421 1429 1558 1458 medium
1577 1430 1693 1458 remote
1712 1429 1815 1458 denti-

90 1497 199 1533 culata,
209 1496 287 1526 infra
297 1495 433 1524 medium
445 1496 649 1533 integerrima.
667 1494 799 1523 Snrmffi
811 1494 955 1532 utrinque
963 1493 1110 1529 2‚t1·ifidae
1120 1493 1167 1522 vel
1179 1494 1462 1532 pectinato-ciliatae,
1475 1506 1556 1524 nunc
1567 1495 1710 1534 glandula
1721 1496 1815 1523 inter-

92 1561 215 1592 cedente
232 1559 444 1590 dichotomiali
457 1558 683 1588 remotiusculae
696 1582 704 1596 ,
724 1569 805 1588 nunc
823 1557 930 1587 eadem
947 1558 1103 1587 deficiente
1116 1559 1346 1597 approximatae‚
1361 1565 1491 1598 tumque
1514 1559 1576 1588 basi
1597 1558 1644 1588 vel
1662 1560 1758 1598 usque
1776 1558 1815 1588 ad

92 1627 229 1656 medium
244 1626 332 1664 saepe,
344 1625 393 1654 vel
406 1625 517 1663 passim
534 1626 633 1664 usque
648 1624 684 1653 ad
701 1625 818 1663 apicem
834 1623 980 1652 ultimum
991 1646 998 1660 ‚
1011 1630 1151 1653 connatae.
1166 1623 1280 1652 FLomzs
1294 1623 1441 1659 axillares,
1454 1623 1590 1659 solitarii,
1604 1624 1814 1653 remotiusculi

93 1691 139 1721 rel
160 1691 191 1719 iu
212 1689 338 1719 ramulis
357 1688 515 1728 glomerati
539 1695 593 1717 aut
608 1688 674 1717 laxe
691 1689 819 1727 spicati,
833 1688 984 1717 laxioruln
1003 1688 1150 1728 pedicello
1171 1688 1320 1727 petiolum
1338 1688 1470 1728 duplum
1491 1689 1590 1729 longo,
1614 1689 1814 1718 INvotccELLA

91 1767 193 1796 parva,
207 1754 590 1793 obconico—campanulata,
610 1753 685 1783 foris
699 1753 803 1793 glabra
818 1761 853 1783 ut
870 1765 994 1794 quoque
1008 1754 1090 1783 intus
1100 1777 1108 1791 ‚
1121 1765 1173 1784 ore
1184 1754 1358 1784 alternatim
1373 1754 1530 1788 [i-dentato
1541 1761 1571 1783 ct
1582 1754 1793 1794 [t-glanduloso
1806 1765 1812 1789 ;

92 1822 196 1851 dentes
209 1820 331 1856 breves,
346 1819 465 1857 inflexi,
477 1819 663 1849 acutiuscule
678 1821 763 1849 ovati
778 1830 895 1857 omnes,
908 1821 1042 1859 margine
1057 1831 1111 1859 per
1119 1820 1234 1849 lentem
1249 1820 1509 1859 pectinato-ciliati
1522 1833 1529 1856 ;
1545 1820 1695 1860 glandulae
1710 1820 1816 1850 denti—

93 1887 149 1916 hus
163 1887 213 1915 vix
226 1885 396 1925 longiores,
418 1886 548 1924 exiguae,
569 1887 585 1914 ὲ
599 1885 691 1915 viridi
712 1885 794 1916 flavae
807 1909 815 1922 ,
836 1885 1033 1915 subrotundae
1046 1909 1054 1921 ,
1076 1886 1294 1926 integerrimae,
1315 1886 1448 1925 margine
1470 1884 1641 1924 petaloideo
1664 1886 1749 1915 nullo
1769 1885 1817 1915 vel

94 1953 305 1992 angustissimo
320 1950 486 1980 concolore.
501 1951 605 1980 Flores
623 1952 751 1981 masculi
767 1953 845 1981 intr-'¹¹
862 1952 1080 1982 involucellum
1095 1952 1248 1992 singulum
1266 1953 1284 1982 3
1296 1976 1303 1989 ,
1315 1951 1482 1992 squamulis
1496 1952 1685 1991 paucissimis
1696 1951 1816 1992 glaber—

93 2018 180 2047 rimis
195 2017 316 2046 setaceis
335 2018 436 2046 cincti.
457 2016 593 2046 Ovnutm
615 2018 773 2056 trigynum
785 2040 792 2054 ‚
811 2017 896 2056 stylis
915 2017 1061 2046 brevibus
1073 2041 1080 2052 ,
1097 2017 1316 2056 patentissimis
1327 2040 1334 2053 ,
1345 2017 1447 2046 bifidis
1459 2040 1467 2053 ,
1479 2017 1601 2046 luteolis
1612 2040 1620 2053 ,
1636 2019 1729 2047 ramis
1743 2019 1817 2057 ipsis

94 2082 330 2123 divergentibus.
345 2082 507 2112 Curemus
522 2082 579 2112 suh
596 2084 701 2112 ovario
715 2083 829 2114 nullus.
842 2083 966 2112 Cipsum
980 2083 1069 2123 longe
1083 2085 1230 2123 stipitata‚
1244 2087 1328 2114 extra
1340 2084 1558 2114 involucellum
1573 2084 1719 2124 pendula,
1732 2086 1817 2115 ovoi-

93 2148 297 2188 deo-trigona,
309 2148 423 2188 glabra,
435 2148 552 2189 angulis
568 2149 642 2178 solis
653 2148 768 2188 pilosis,
782 2148 851 2188 pilis
865 2150 989 2188 sparsis,
1001 2151 1082 2178 recta
1096 2149 1286 2188 patentibus,
1302 2150 1451 2179 teretibus
1466 2161 1528 2180 non
1542 2151 1813 2184 moniliformibus.

92 2213 204 2243 snum
218 2223 323 2252 parva,
335 2212 754 2253 obpyramidato-tetragona,
765 2213 993 2250 candidissima,
1007 2213 1234 2253 mucilaginosa,
1246 2214 1363 2254 angulis
1378 2216 1486 2253 acutis,
1499 2215 1646 2246 lateribus
1661 2225 1816 2247 transver-
1852 2251 1854 2254 y

93 2279 150 2308 sim
166 2279 416 2318 rugoso-costatis
428 2280 501 2315 (non
523 2279 645 2317 proprie
669 2278 825 2319 sulcatis),
843 2279 922 2318 rugis
944 2278 1019 2315 4-6,
1040 2278 1193 2318 parallelis
1215 2287 1245 2309 et
1267 2282 1420 2310 continuis
1439 2281 1486 2311 vel
1506 2281 1575 2321 plus
1598 2283 1701 2312 miuus
1719 2283 1814 2313 inter-

93 2344 198 2382 ruptis.

337 2473 373 2513 3.
420 2470 829 2515 EUPHORBIA
870 2464 1404 2519 BURMANNIANA.
1454 2475 1573 2519 GAY.

141 2589 181 2622 E.
200 2602 308 2624 annua
324 2618 332 2633 ,
346 2591 595 2636 procumbens,
609 2593 742 2639 gracilis
754 2622 762 2636 ,
776 2594 928 2629 caulibus
948 2595 1026 2629 hinc
1044 2595 1219 2643 puberulis
1236 2595 1330 2631 illinc
1357 2597 1485 2643 glabris
1498 2623 1506 2639 ,
1520 2597 1609 2631 foliis
1628 2596 1788 2644 oblongis
1801 2624 1810 2640 ,

97 2660 234 2706 obtusis,
250 2663 461 2710 3-4-nerviis‚
477 2666 618 2713 oblique
638 2667 709 2701 basi
728 2668 952 2712 subeordatis‚
969 2668 1052 2703 facie
1073 2669 1213 2716 glabris,
1232 2669 1337 2705 dorso
1351 2671 1527 2714 villosulis‚
1540 2672 1635 2718 apice
1653 2670 1807 2706 denticu-

95 2734 167 2769 latis
183 2736 234 2770 vel
253 2737 362 2772 altero
387 2740 540 2786 margine
565 2741 727 2775 continue
749 2741 944 2784 serrulatis‚
962 2742 1094 2789 stipulis
1119 2742 1198 2777 hinc
1223 2743 1340 2779 liberis
1365 2745 1456 2779 illinc
1477 2746 1652 2789 connatis;
1673 2745 1815 2779 floribus

92 2809 295 2855 axillaribus,
308 2813 476 2857 solitariis,
497 2814 668 2849 nodorum
685 2815 980 2862 approximatione
994 2816 1192 2863 glomeratis
1203 2819 1256 2852 vel
1277 2819 1351 2853 laxe
1365 2819 1509 2867 spicatis,
1526 2819 1696 2867 glandulis
1714 2820 1808 2854 invo-

94 2882 292 2918 lucellorum
321 2887 533 2932 aequalibus,
557 2888 706 2935 exiguis,
730 2889 877 2936 capsulis
897 2889 1067 2934 (breviter
1085 2891 1260 2938 stipitatisl
1283 2893 1534 2928 erectiusculisl
1558 2894 1697 2941 conicis)
1717 2894 1808 2942 pube

93 2957 312 2993 monilil'ormi
331 2960 488 3007 adpressa
508 2963 786 3007 canescentibus,
810 2963 997 2999 seminibus
1018 2963 1283 3013 (minutissimis)
1308 2967 1812 3015 obpyramidato-acutiuscule

95 3033 292 3078 tetragonis,
309 3035 424 3079 roseis,
440 3037 658 3071 transversim
679 3038 1005 3082 sulcato-costumas,
1016 3039 1198 3074 caruncula
1217 3040 1320 3075 nulla.
