<?xml version="1.0" encoding="UTF-8"?>
<!DOCTYPE html PUBLIC "-//W3C//DTD XHTML 1.0 Transitional//EN"
    "http://www.w3.org/TR/xhtml1/DTD/xhtml1-transitional.dtd">
<html xmlns="http://www.w3.org/1999/xhtml" xml:lang="en" lang="en">
 <head>
  <title>
</title>
<meta http-equiv="Content-Type" content="text/html;charset=utf-8" />
  <meta name='ocr-system' content='tesseract 3.04.00' />
  <meta name='ocr-capabilities' content='ocr_page ocr_carea ocr_par ocr_line ocrx_word'/>
</head>
<body>
  <div class='ocr_page' id='page_1' title='image "./phytographiacana31836webb_0143.png"; bbox 0 0 2530 3969; ppageno 0'>
   <div class='ocr_carea' id='block_1_1' title="bbox 988 475 1158 518">
    <p class='ocr_par' dir='ltr' id='par_1_1' title="bbox 988 475 1158 518">
     <span class='ocr_line' id='line_1_1' title="bbox 988 475 1158 518; baseline 0.024 -6"><span class='ocrx_word' id='word_1_1' title='bbox 988 475 1158 518; x_wconf 84' lang='lat'><strong>(133)</strong></span> 
     </span>
    </p>
   </div>
   <div class='ocr_carea' id='block_1_2' title="bbox 203 562 1943 1191">
    <p class='ocr_par' dir='ltr' id='par_1_2' title="bbox 203 562 1943 1191">
     <span class='ocr_line' id='line_1_2' title="bbox 207 562 1940 607; baseline -0.001 -11"><span class='ocrx_word' id='word_1_2' title='bbox 207 569 336 607; x_wconf 81' lang='lat' dir='ltr'>superne</span> <span class='ocrx_word' id='word_1_3' title='bbox 351 566 597 605; x_wconf 82' lang='lat' dir='ltr'>pubescentibus.</span> <span class='ocrx_word' id='word_1_4' title='bbox 614 565 703 594; x_wconf 60' lang='lat' dir='ltr'>Fomft</span> <span class='ocrx_word' id='word_1_5' title='bbox 718 564 985 593; x_wconf 77' lang='lat' dir='ltr'>lanceolam-ovata</span> <span class='ocrx_word' id='word_1_6' title='bbox 997 563 1044 591; x_wconf 82' lang='lat' dir='ltr'>vel</span> <span class='ocrx_word' id='word_1_7' title='bbox 1060 570 1147 592; x_wconf 86' lang='lat' dir='ltr'>ovata</span> <span class='ocrx_word' id='word_1_8' title='bbox 1162 585 1169 596; x_wconf 74' lang='grc'>,</span> <span class='ocrx_word' id='word_1_9' title='bbox 1186 563 1249 592; x_wconf 84' lang='lat' dir='ltr'>basi</span> <span class='ocrx_word' id='word_1_10' title='bbox 1265 563 1416 601; x_wconf 72' lang='lat' dir='ltr'>profunde</span> <span class='ocrx_word' id='word_1_11' title='bbox 1431 563 1553 592; x_wconf 88' lang='lat' dir='ltr'>cordata</span> <span class='ocrx_word' id='word_1_12' title='bbox 1568 562 1646 591; x_wconf 78' lang='lat' dir='ltr'>lobis</span> <span class='ocrx_word' id='word_1_13' title='bbox 1663 564 1846 599; x_wconf 78' lang='lat' dir='ltr'>rotundatis,</span> <span class='ocrx_word' id='word_1_14' title='bbox 1859 576 1940 594; x_wconf 85' lang='lat' dir='ltr'>mar-</span> 
     </span>
     <span class='ocr_line' id='line_1_3' title="bbox 206 627 1937 671; baseline -0.002 -10"><span class='ocrx_word' id='word_1_15' title='bbox 206 634 274 671; x_wconf 78' lang='lat' dir='ltr'>gine</span> <span class='ocrx_word' id='word_1_16' title='bbox 289 638 408 661; x_wconf 85' lang='lat' dir='ltr'>crenata</span> <span class='ocrx_word' id='word_1_17' title='bbox 420 633 467 661; x_wconf 73' lang='lat' dir='ltr'>vel</span> <span class='ocrx_word' id='word_1_18' title='bbox 481 631 767 669; x_wconf 86' lang='lat' dir='ltr'>duplicato-crenata</span> <span class='ocrx_word' id='word_1_19' title='bbox 779 652 786 665; x_wconf 90' lang='lat'><strong>‚</strong></span> <span class='ocrx_word' id='word_1_20' title='bbox 803 628 954 666; x_wconf 81' lang='lat' dir='ltr'>pellucide</span> <span class='ocrx_word' id='word_1_21' title='bbox 972 628 1189 666; x_wconf 84' lang='lat' dir='ltr'>subpunctata,</span> <span class='ocrx_word' id='word_1_22' title='bbox 1204 627 1307 657; x_wconf 85' lang='lat' dir='ltr'>mollia</span> <span class='ocrx_word' id='word_1_23' title='bbox 1319 651 1326 663; x_wconf 86' lang='lat'>,</span> <span class='ocrx_word' id='word_1_24' title='bbox 1344 628 1467 656; x_wconf 81' lang='lat' dir='ltr'>flaccida</span> <span class='ocrx_word' id='word_1_25' title='bbox 1477 650 1484 662; x_wconf 89' lang='lat'><em>‚</em></span> <span class='ocrx_word' id='word_1_26' title='bbox 1498 627 1608 657; x_wconf 83' lang='lat' dir='ltr'>viridia</span> <span class='ocrx_word' id='word_1_27' title='bbox 1619 650 1626 663; x_wconf 90' lang='lat'><em>‚</em></span> <span class='ocrx_word' id='word_1_28' title='bbox 1644 627 1753 656; x_wconf 78' lang='lat' dir='ltr'>subtus</span> <span class='ocrx_word' id='word_1_29' title='bbox 1767 629 1937 667; x_wconf 77' lang='lat' dir='ltr'>pallidiora,</span> 
     </span>
     <span class='ocr_line' id='line_1_4' title="bbox 208 691 1941 736; baseline -0.002 -10"><span class='ocrx_word' id='word_1_30' title='bbox 208 700 301 736; x_wconf 67' lang='lat' dir='ltr'>magis</span> <span class='ocrx_word' id='word_1_31' title='bbox 312 698 451 726; x_wconf 73' lang='lat' dir='ltr'>minusve</span> <span class='ocrx_word' id='word_1_32' title='bbox 466 696 536 736; x_wconf 83' lang='lat' dir='ltr'>pilis</span> <span class='ocrx_word' id='word_1_33' title='bbox 551 696 656 735; x_wconf 78' lang='lat' dir='ltr'>crispis</span> <span class='ocrx_word' id='word_1_34' title='bbox 673 693 838 723; x_wconf 81' lang='lat' dir='ltr'>articulatis</span> <span class='ocrx_word' id='word_1_35' title='bbox 854 692 1049 733; x_wconf 76' lang='lat' dir='ltr'>pubescentia</span> <span class='ocrx_word' id='word_1_36' title='bbox 1061 716 1067 727; x_wconf 90' lang='lat'><strong>‚</strong></span> <span class='ocrx_word' id='word_1_37' title='bbox 1082 693 1165 721; x_wconf 86' lang='lat' dir='ltr'>venis</span> <span class='ocrx_word' id='word_1_38' title='bbox 1179 693 1333 733; x_wconf 78' lang='lat' dir='ltr'>primariis</span> <span class='ocrx_word' id='word_1_39' title='bbox 1349 693 1489 732; x_wconf 84' lang='lat' dir='ltr'>expansis</span> <span class='ocrx_word' id='word_1_40' title='bbox 1504 693 1601 732; x_wconf 81' lang='lat' dir='ltr'>picta,</span> <span class='ocrx_word' id='word_1_41' title='bbox 1614 691 1735 731; x_wconf 85' lang='lat' dir='ltr'>petiolis</span> <span class='ocrx_word' id='word_1_42' title='bbox 1746 692 1941 731; x_wconf 82' lang='lat' dir='ltr'>pubescenti-</span> 
     </span>
     <span class='ocr_line' id='line_1_5' title="bbox 208 755 1942 799; baseline -0.003 -8"><span class='ocrx_word' id='word_1_43' title='bbox 208 763 262 791; x_wconf 75' lang='lat' dir='ltr'>bus</span> <span class='ocrx_word' id='word_1_44' title='bbox 276 786 283 798; x_wconf 87' lang='lat'>,</span> <span class='ocrx_word' id='word_1_45' title='bbox 297 763 347 792; x_wconf 82' lang='lat' dir='ltr'>vix</span> <span class='ocrx_word' id='word_1_46' title='bbox 359 762 509 797; x_wconf 79' lang='lat' dir='ltr'>dilatatis,</span> <span class='ocrx_word' id='word_1_47' title='bbox 520 760 594 790; x_wconf 88' lang='lat' dir='ltr'>folio</span> <span class='ocrx_word' id='word_1_48' title='bbox 610 759 770 799; x_wconf 71' lang='lat' dir='ltr'>suh-3-plo</span> <span class='ocrx_word' id='word_1_49' title='bbox 784 758 988 787; x_wconf 83' lang='lat' dir='ltr'>brevioribus.</span> <span class='ocrx_word' id='word_1_50' title='bbox 1008 757 1138 786; x_wconf 71' lang='lat' dir='ltr'>Tumsus</span> <span class='ocrx_word' id='word_1_51' title='bbox 1152 755 1296 796; x_wconf 81' lang='lat' dir='ltr'>apliyllus</span> <span class='ocrx_word' id='word_1_52' title='bbox 1309 779 1316 793; x_wconf 88' lang='lat'>,</span> <span class='ocrx_word' id='word_1_53' title='bbox 1328 756 1487 795; x_wconf 78' lang='lat' dir='ltr'>elongatus</span> <span class='ocrx_word' id='word_1_54' title='bbox 1498 779 1505 791; x_wconf 89' lang='lat'><strong>‚</strong></span> <span class='ocrx_word' id='word_1_55' title='bbox 1518 755 1648 785; x_wconf 80' lang='lat' dir='ltr'>bracteis</span> <span class='ocrx_word' id='word_1_56' title='bbox 1664 756 1846 792; x_wconf 81' lang='lat' dir='ltr'>linearibus,</span> <span class='ocrx_word' id='word_1_57' title='bbox 1861 758 1942 786; x_wconf 90' lang='lat' dir='ltr'>inte—</span> 
     </span>
     <span class='ocr_line' id='line_1_6' title="bbox 204 821 1943 867; baseline -0.003 -10"><span class='ocrx_word' id='word_1_58' title='bbox 204 829 343 867; x_wconf 69' lang='lat' dir='ltr'>gerrimis</span> <span class='ocrx_word' id='word_1_59' title='bbox 355 827 403 856; x_wconf 89' lang='lat' dir='ltr'>vel</span> <span class='ocrx_word' id='word_1_60' title='bbox 417 824 612 856; x_wconf 82' lang='lat' dir='ltr'>denticulatis</span> <span class='ocrx_word' id='word_1_61' title='bbox 625 848 632 859; x_wconf 90' lang='lat'>,</span> <span class='ocrx_word' id='word_1_62' title='bbox 655 824 829 864; x_wconf 83' lang='lat' dir='ltr'>pedunculo</span> <span class='ocrx_word' id='word_1_63' title='bbox 844 824 975 853; x_wconf 87' lang='lat' dir='ltr'>dimidio</span> <span class='ocrx_word' id='word_1_64' title='bbox 989 823 1192 853; x_wconf 80' lang='lat' dir='ltr'>brevioribus.</span> <span class='ocrx_word' id='word_1_65' title='bbox 1214 822 1302 851; x_wconf 67' lang='lat' dir='ltr'>Crittffi</span> <span class='ocrx_word' id='word_1_66' title='bbox 1318 823 1390 851; x_wconf 77' lang='lat' dir='ltr'>laxae</span> <span class='ocrx_word' id='word_1_67' title='bbox 1401 844 1408 855; x_wconf 92' lang='lat'><em>,</em></span> <span class='ocrx_word' id='word_1_68' title='bbox 1429 828 1551 850; x_wconf 67' lang='lat' dir='ltr'>remota}</span> <span class='ocrx_word' id='word_1_69' title='bbox 1562 844 1570 858; x_wconf 85' lang='lat'>,</span> <span class='ocrx_word' id='word_1_70' title='bbox 1589 821 1627 849; x_wconf 87' lang='lat' dir='ltr'>ad</span> <span class='ocrx_word' id='word_1_71' title='bbox 1643 822 1761 861; x_wconf 82' lang='lat' dir='ltr'>apicem</span> <span class='ocrx_word' id='word_1_72' title='bbox 1777 822 1943 862; x_wconf 85' lang='lat' dir='ltr'>pedunculi</span> 
     </span>
     <span class='ocr_line' id='line_1_7' title="bbox 207 886 1942 932; baseline -0.002 -11"><span class='ocrx_word' id='word_1_73' title='bbox 207 892 386 932; x_wconf 76' lang='lat' dir='ltr'>longiusculi</span> <span class='ocrx_word' id='word_1_74' title='bbox 401 893 525 922; x_wconf 64' lang='lat' dir='ltr'>3-tomze</span> <span class='ocrx_word' id='word_1_75' title='bbox 538 914 544 925; x_wconf 83' lang='lat'>‚</span> <span class='ocrx_word' id='word_1_76' title='bbox 562 889 718 930; x_wconf 76' lang='lat' dir='ltr'>pedicellis</span> <span class='ocrx_word' id='word_1_77' title='bbox 732 889 805 919; x_wconf 90' lang='lat' dir='ltr'>ssore</span> <span class='ocrx_word' id='word_1_78' title='bbox 823 890 907 930; x_wconf 75' lang='lat' dir='ltr'>2-plo</span> <span class='ocrx_word' id='word_1_79' title='bbox 922 889 1008 929; x_wconf 74' lang='lat' dir='ltr'>3-plo</span> <span class='ocrx_word' id='word_1_80' title='bbox 1023 889 1211 929; x_wconf 74' lang='lat' dir='ltr'>longioribus</span> <span class='ocrx_word' id='word_1_81' title='bbox 1225 913 1232 924; x_wconf 87' lang='lat'>,</span> <span class='ocrx_word' id='word_1_82' title='bbox 1249 888 1414 927; x_wconf 74' lang='lat' dir='ltr'>gracilibus</span> <span class='ocrx_word' id='word_1_83' title='bbox 1425 911 1432 925; x_wconf 81' lang='lat'><strong><em>,</em></strong></span> <span class='ocrx_word' id='word_1_84' title='bbox 1452 886 1747 926; x_wconf 74' lang='lat' dir='ltr'>piloso-glandulosis</span> <span class='ocrx_word' id='word_1_85' title='bbox 1761 911 1768 922; x_wconf 87' lang='lat'>,</span> <span class='ocrx_word' id='word_1_86' title='bbox 1782 887 1942 917; x_wconf 82' lang='lat' dir='ltr'>bracteolis</span> 
     </span>
     <span class='ocr_line' id='line_1_8' title="bbox 206 952 1942 995; baseline -0.002 -9"><span class='ocrx_word' id='word_1_87' title='bbox 206 956 398 986; x_wconf 79' lang='lat' dir='ltr'>iilisormibus</span> <span class='ocrx_word' id='word_1_88' title='bbox 412 955 622 994; x_wconf 74' lang='lat' dir='ltr'>integerrimis.</span> <span class='ocrx_word' id='word_1_89' title='bbox 635 954 729 983; x_wconf 69' lang='lat' dir='ltr'>cmx</span> <span class='ocrx_word' id='word_1_90' title='bbox 743 954 933 993; x_wconf 72' lang='lat' dir='ltr'>glabrescens</span> <span class='ocrx_word' id='word_1_91' title='bbox 946 954 1018 983; x_wconf 82' lang='lat' dir='ltr'>flore</span> <span class='ocrx_word' id='word_1_92' title='bbox 1032 955 1191 995; x_wconf 72' lang='lat' dir='ltr'>suh—3—plo</span> <span class='ocrx_word' id='word_1_93' title='bbox 1210 954 1415 990; x_wconf 79' lang='lat' dir='ltr'>brevioribus,</span> <span class='ocrx_word' id='word_1_94' title='bbox 1428 953 1546 981; x_wconf 85' lang='lat' dir='ltr'>laciniis</span> <span class='ocrx_word' id='word_1_95' title='bbox 1560 952 1848 989; x_wconf 80' lang='lat' dir='ltr'>ovatolanceolatis,</span> <span class='ocrx_word' id='word_1_96' title='bbox 1863 964 1942 982; x_wconf 86' lang='lat' dir='ltr'>mar-</span> 
     </span>
     <span class='ocr_line' id='line_1_9' title="bbox 203 1017 1942 1062; baseline -0.002 -11"><span class='ocrx_word' id='word_1_97' title='bbox 203 1022 326 1062; x_wconf 75' lang='lat' dir='ltr'>ginibus</span> <span class='ocrx_word' id='word_1_98' title='bbox 341 1021 466 1059; x_wconf 79' lang='lat' dir='ltr'>anguste</span> <span class='ocrx_word' id='word_1_99' title='bbox 481 1019 727 1049; x_wconf 80' lang='lat' dir='ltr'>luteo-scariosiS.</span> <span class='ocrx_word' id='word_1_100' title='bbox 741 1019 873 1048; x_wconf 74' lang='lat' dir='ltr'>COROLLA</span> <span class='ocrx_word' id='word_1_101' title='bbox 890 1025 950 1048; x_wconf 86' lang='lat' dir='ltr'>tota</span> <span class='ocrx_word' id='word_1_102' title='bbox 965 1019 1030 1048; x_wconf 63' lang='lat' dir='ltr'>lactc</span> <span class='ocrx_word' id='word_1_103' title='bbox 1044 1020 1209 1055; x_wconf 76' lang='lat' dir='ltr'>rusescens,</span> <span class='ocrx_word' id='word_1_104' title='bbox 1221 1019 1423 1058; x_wconf 71' lang='lat' dir='ltr'>cylindracea,</span> <span class='ocrx_word' id='word_1_105' title='bbox 1436 1018 1508 1047; x_wconf 86' lang='lat' dir='ltr'>labii</span> <span class='ocrx_word' id='word_1_106' title='bbox 1524 1018 1687 1058; x_wconf 87' lang='lat' dir='ltr'>superioris</span> <span class='ocrx_word' id='word_1_107' title='bbox 1704 1017 1818 1046; x_wconf 85' lang='lat' dir='ltr'>laciniis</span> <span class='ocrx_word' id='word_1_108' title='bbox 1833 1025 1942 1047; x_wconf 80' lang='lat' dir='ltr'>rotun—</span> 
     </span>
     <span class='ocr_line' id='line_1_10' title="bbox 205 1083 1942 1125; baseline -0.002 -9"><span class='ocrx_word' id='word_1_109' title='bbox 205 1087 437 1125; x_wconf 74' lang='lat' dir='ltr'>dato-oblongis,</span> <span class='ocrx_word' id='word_1_110' title='bbox 451 1086 628 1116; x_wconf 79' lang='lat' dir='ltr'>lateralibus</span> <span class='ocrx_word' id='word_1_111' title='bbox 643 1086 724 1120; x_wconf 82' lang='lat' dir='ltr'>latis,</span> <span class='ocrx_word' id='word_1_112' title='bbox 738 1087 899 1122; x_wconf 86' lang='lat' dir='ltr'>truncatis,</span> <span class='ocrx_word' id='word_1_113' title='bbox 914 1085 1099 1114; x_wconf 84' lang='lat' dir='ltr'>intermedio</span> <span class='ocrx_word' id='word_1_114' title='bbox 1118 1084 1278 1124; x_wconf 77' lang='lat' dir='ltr'>lingulato.</span> <span class='ocrx_word' id='word_1_115' title='bbox 1296 1084 1424 1114; x_wconf 56' lang='lat' dir='ltr'>Summa</span> <span class='ocrx_word' id='word_1_116' title='bbox 1441 1084 1556 1113; x_wconf 88' lang='lat' dir='ltr'>inclusa</span> <span class='ocrx_word' id='word_1_117' title='bbox 1568 1107 1575 1121; x_wconf 88' lang='lat'>,</span> <span class='ocrx_word' id='word_1_118' title='bbox 1592 1084 1756 1113; x_wconf 85' lang='lat' dir='ltr'>filamentis</span> <span class='ocrx_word' id='word_1_119' title='bbox 1772 1083 1942 1124; x_wconf 78' lang='lat' dir='ltr'>pubescen-</span> 
     </span>
     <span class='ocr_line' id='line_1_11' title="bbox 206 1149 1942 1191; baseline -0.002 -9"><span class='ocrx_word' id='word_1_120' title='bbox 206 1153 288 1183; x_wconf 81' lang='lat' dir='ltr'>tibus</span> <span class='ocrx_word' id='word_1_121' title='bbox 297 1176 304 1190; x_wconf 91' lang='lat'>‚</span> <span class='ocrx_word' id='word_1_122' title='bbox 320 1152 456 1182; x_wconf 80' lang='lat' dir='ltr'>antlieris</span> <span class='ocrx_word' id='word_1_123' title='bbox 472 1152 589 1191; x_wconf 76' lang='lat' dir='ltr'>magnis</span> <span class='ocrx_word' id='word_1_124' title='bbox 604 1151 823 1181; x_wconf 85' lang='lat' dir='ltr'>renisormihns</span> <span class='ocrx_word' id='word_1_125' title='bbox 834 1174 841 1187; x_wconf 88' lang='lat'>,</span> <span class='ocrx_word' id='word_1_126' title='bbox 854 1150 949 1180; x_wconf 88' lang='lat' dir='ltr'>sterili</span> <span class='ocrx_word' id='word_1_127' title='bbox 966 1150 1162 1187; x_wconf 62' lang='lat' dir='ltr'>suhfoliaceft,</span> <span class='ocrx_word' id='word_1_128' title='bbox 1173 1150 1301 1186; x_wconf 65' lang='lat' dir='ltr'>clavata,</span> <span class='ocrx_word' id='word_1_129' title='bbox 1316 1151 1400 1190; x_wconf 85' lang='lat' dir='ltr'>apice</span> <span class='ocrx_word' id='word_1_130' title='bbox 1411 1152 1499 1179; x_wconf 69' lang='lat' dir='ltr'>acuta</span> <span class='ocrx_word' id='word_1_131' title='bbox 1512 1150 1561 1179; x_wconf 86' lang='lat' dir='ltr'>vcl</span> <span class='ocrx_word' id='word_1_132' title='bbox 1574 1151 1699 1190; x_wconf 75' lang='lat' dir='ltr'>anguste</span> <span class='ocrx_word' id='word_1_133' title='bbox 1713 1149 1942 1187; x_wconf 82' lang='lat' dir='ltr'>obcordisormi,</span> 
     </span>
    </p>
   </div>
   <div class='ocr_carea' id='block_1_3' title="bbox 206 1215 1940 1257">
    <p class='ocr_par' dir='ltr' id='par_1_3' title="bbox 206 1215 1940 1257">
     <span class='ocr_line' id='line_1_12' title="bbox 206 1215 1940 1257; baseline -0.001 -9"><span class='ocrx_word' id='word_1_134' title='bbox 206 1221 273 1248; x_wconf 76' lang='lat' dir='ltr'>raro</span> <span class='ocrx_word' id='word_1_135' title='bbox 287 1217 391 1247; x_wconf 58' lang='lat' dir='ltr'>⁹2-fidzt.</span> <span class='ocrx_word' id='word_1_136' title='bbox 416 1217 523 1247; x_wconf 60' lang='lat' dir='ltr'>Surus</span> <span class='ocrx_word' id='word_1_137' title='bbox 538 1217 712 1257; x_wconf 74' lang='lat' dir='ltr'>subglaber,</span> <span class='ocrx_word' id='word_1_138' title='bbox 724 1219 863 1256; x_wconf 74' lang='lat' dir='ltr'>stigmate</span> <span class='ocrx_word' id='word_1_139' title='bbox 878 1216 1009 1246; x_wconf 86' lang='lat' dir='ltr'>rotundo</span> <span class='ocrx_word' id='word_1_140' title='bbox 1022 1240 1028 1251; x_wconf 87' lang='lat'>‚</span> <span class='ocrx_word' id='word_1_141' title='bbox 1045 1218 1185 1256; x_wconf 77' lang='lat' dir='ltr'>capitam.</span> <span class='ocrx_word' id='word_1_142' title='bbox 1202 1216 1328 1246; x_wconf 79' lang='lat' dir='ltr'>CAPSULA</span> <span class='ocrx_word' id='word_1_143' title='bbox 1345 1223 1434 1246; x_wconf 85' lang='lat' dir='ltr'>ovata</span> <span class='ocrx_word' id='word_1_144' title='bbox 1452 1216 1499 1245; x_wconf 89' lang='lat' dir='ltr'>vel</span> <span class='ocrx_word' id='word_1_145' title='bbox 1518 1215 1786 1246; x_wconf 72' lang='lat' dir='ltr'>ovato-rotundam</span> <span class='ocrx_word' id='word_1_146' title='bbox 1797 1239 1804 1253; x_wconf 86' lang='lat'><em>‚</em></span> <span class='ocrx_word' id='word_1_147' title='bbox 1820 1216 1922 1256; x_wconf 82' lang='lat' dir='ltr'>glabra</span> <span class='ocrx_word' id='word_1_148' title='bbox 1934 1241 1940 1253; x_wconf 85' lang='lat'>‚</span> 
     </span>
    </p>
   </div>
   <div class='ocr_carea' id='block_1_4' title="bbox 205 1282 955 1324">
    <p class='ocr_par' dir='ltr' id='par_1_4' title="bbox 205 1282 955 1324">
     <span class='ocr_line' id='line_1_13' title="bbox 205 1282 955 1324; baseline -0.001 -11"><span class='ocrx_word' id='word_1_149' title='bbox 205 1285 289 1324; x_wconf 82' lang='lat' dir='ltr'>apice</span> <span class='ocrx_word' id='word_1_150' title='bbox 305 1290 475 1320; x_wconf 85' lang='lat' dir='ltr'>attenuata,</span> <span class='ocrx_word' id='word_1_151' title='bbox 491 1283 539 1312; x_wconf 75' lang='lat' dir='ltr'>vel</span> <span class='ocrx_word' id='word_1_152' title='bbox 554 1283 604 1311; x_wconf 81' lang='lat' dir='ltr'>vix</span> <span class='ocrx_word' id='word_1_153' title='bbox 615 1282 777 1323; x_wconf 83' lang='lat' dir='ltr'>producta,</span> <span class='ocrx_word' id='word_1_154' title='bbox 794 1282 955 1323; x_wconf 80' lang='lat' dir='ltr'>apiculata.</span> 
     </span>
    </p>
   </div>
   <div class='ocr_carea' id='block_1_5' title="bbox 777 1411 1367 1452">
    <p class='ocr_par' dir='ltr' id='par_1_5' title="bbox 777 1411 1367 1452">
     <span class='ocr_line' id='line_1_14' title="bbox 777 1411 1367 1452; baseline 0.002 -1"><span class='ocrx_word' id='word_1_155' title='bbox 777 1422 1081 1452; x_wconf 81' lang='lat' dir='ltr'>EXPLICATIO</span> <span class='ocrx_word' id='word_1_156' title='bbox 1122 1423 1226 1452; x_wconf 77' lang='lat' dir='ltr'>TAB.</span> <span class='ocrx_word' id='word_1_157' title='bbox 1274 1411 1367 1452; x_wconf 83' lang='lat'>178.</span> 
     </span>
    </p>
   </div>
   <div class='ocr_carea' id='block_1_6' title="bbox 205 1516 1939 1712">
    <p class='ocr_par' dir='ltr' id='par_1_6' title="bbox 205 1516 1939 1712">
     <span class='ocr_line' id='line_1_15' title="bbox 259 1516 1939 1564; baseline 0 -14"><span class='ocrx_word' id='word_1_158' title='bbox 259 1529 287 1549; x_wconf 84' lang='lat' dir='ltr'>i.</span> <span class='ocrx_word' id='word_1_159' title='bbox 302 1518 428 1550; x_wconf 72' lang='lat' dir='ltr'>Hamus</span> <span class='ocrx_word' id='word_1_160' title='bbox 439 1516 580 1550; x_wconf 73' lang='lat' dir='ltr'>tlot‘idus</span> <span class='ocrx_word' id='word_1_161' title='bbox 593 1517 827 1563; x_wconf 79' lang='lat' dir='ltr'>magnitudine</span> <span class='ocrx_word' id='word_1_162' title='bbox 840 1517 996 1551; x_wconf 86' lang='lat' dir='ltr'>naturali.</span> <span class='ocrx_word' id='word_1_163' title='bbox 1016 1529 1048 1550; x_wconf 82' lang='lat'>2.</span> <span class='ocrx_word' id='word_1_164' title='bbox 1064 1516 1180 1550; x_wconf 85' lang='lat' dir='ltr'>Caulis</span> <span class='ocrx_word' id='word_1_165' title='bbox 1194 1516 1413 1563; x_wconf 83' lang='lat' dir='ltr'>portiuncula</span> <span class='ocrx_word' id='word_1_166' title='bbox 1425 1528 1503 1550; x_wconf 89' lang='lat' dir='ltr'>cum</span> <span class='ocrx_word' id='word_1_167' title='bbox 1516 1516 1649 1563; x_wconf 66' lang='lat' dir='ltr'>cymula</span> <span class='ocrx_word' id='word_1_168' title='bbox 1661 1516 1829 1550; x_wconf 71' lang='lat' dir='ltr'>fructifera</span> <span class='ocrx_word' id='word_1_169' title='bbox 1842 1528 1939 1564; x_wconf 75' lang='lat' dir='ltr'>mag-</span> 
     </span>
     <span class='ocr_line' id='line_1_16' title="bbox 205 1589 1937 1638; baseline 0.002 -15"><span class='ocrx_word' id='word_1_170' title='bbox 205 1589 357 1624; x_wconf 83' lang='lat' dir='ltr'>nitudine</span> <span class='ocrx_word' id='word_1_171' title='bbox 372 1591 530 1633; x_wconf 82' lang='lat' dir='ltr'>naturali,</span> <span class='ocrx_word' id='word_1_172' title='bbox 546 1599 667 1624; x_wconf 74' lang='lat' dir='ltr'>cetone</span> <span class='ocrx_word' id='word_1_173' title='bbox 688 1590 790 1637; x_wconf 79' lang='lat' dir='ltr'>liujus</span> <span class='ocrx_word' id='word_1_174' title='bbox 806 1591 930 1625; x_wconf 80' lang='lat' dir='ltr'>tabulae</span> <span class='ocrx_word' id='word_1_175' title='bbox 949 1591 1069 1638; x_wconf 75' lang='lat' dir='ltr'>figurae</span> <span class='ocrx_word' id='word_1_176' title='bbox 1090 1591 1326 1638; x_wconf 79' lang='lat' dir='ltr'>magnitudine</span> <span class='ocrx_word' id='word_1_177' title='bbox 1341 1600 1450 1626; x_wconf 79' lang='lat' dir='ltr'>auctae</span> <span class='ocrx_word' id='word_1_178' title='bbox 1469 1600 1560 1627; x_wconf 78' lang='lat' dir='ltr'>sunt.</span> <span class='ocrx_word' id='word_1_179' title='bbox 1579 1592 1611 1626; x_wconf 82' lang='lat'>3.</span> <span class='ocrx_word' id='word_1_180' title='bbox 1628 1593 1719 1626; x_wconf 87' lang='lat' dir='ltr'>Flos.</span> <span class='ocrx_word' id='word_1_181' title='bbox 1741 1593 1776 1637; x_wconf 75' lang='grc'>4.</span> <span class='ocrx_word' id='word_1_182' title='bbox 1798 1593 1937 1628; x_wconf 79' lang='lat' dir='ltr'>Corolla</span> 
     </span>
     <span class='ocr_line' id='line_1_17' title="bbox 205 1663 1932 1712; baseline 0.002 -15"><span class='ocrx_word' id='word_1_183' title='bbox 205 1663 357 1698; x_wconf 77' lang='lat' dir='ltr'>nondum</span> <span class='ocrx_word' id='word_1_184' title='bbox 387 1677 426 1698; x_wconf 84' lang='lat' dir='ltr'>ex</span> <span class='ocrx_word' id='word_1_185' title='bbox 457 1672 530 1698; x_wconf 87' lang='lat' dir='ltr'>toto</span> <span class='ocrx_word' id='word_1_186' title='bbox 556 1677 700 1712; x_wconf 72' lang='lat' dir='ltr'>expansa</span> <span class='ocrx_word' id='word_1_187' title='bbox 728 1673 816 1699; x_wconf 84' lang='lat' dir='ltr'>secta</span> <span class='ocrx_word' id='word_1_188' title='bbox 838 1674 871 1699; x_wconf 82' lang='lat' dir='ltr'>et</span> <span class='ocrx_word' id='word_1_189' title='bbox 895 1673 966 1699; x_wconf 75' lang='lat' dir='ltr'>arto</span> <span class='ocrx_word' id='word_1_190' title='bbox 990 1674 1105 1712; x_wconf 83' lang='lat' dir='ltr'>aperta</span> <span class='ocrx_word' id='word_1_191' title='bbox 1122 1693 1131 1710; x_wconf 82' lang='lat'>,</span> <span class='ocrx_word' id='word_1_192' title='bbox 1155 1667 1231 1700; x_wconf 85' lang='lat' dir='ltr'>labii</span> <span class='ocrx_word' id='word_1_193' title='bbox 1260 1666 1426 1700; x_wconf 70' lang='lat' dir='ltr'>interioris</span> <span class='ocrx_word' id='word_1_194' title='bbox 1453 1666 1569 1700; x_wconf 75' lang='lat' dir='ltr'>lacinia</span> <span class='ocrx_word' id='word_1_195' title='bbox 1590 1665 1792 1700; x_wconf 75' lang='lat' dir='ltr'>intermedia</span> <span class='ocrx_word' id='word_1_196' title='bbox 1816 1667 1932 1702; x_wconf 68' lang='lat' dir='ltr'>divisa.</span> 
     </span>
    </p>
   </div>
   <div class='ocr_carea' id='block_1_7' title="bbox 205 1739 1218 1788">
    <p class='ocr_par' dir='ltr' id='par_1_7' title="bbox 205 1739 1218 1788">
     <span class='ocr_line' id='line_1_18' title="bbox 205 1739 1218 1788; baseline 0.002 -15"><span class='ocrx_word' id='word_1_197' title='bbox 205 1739 238 1773; x_wconf 83' lang='lat'>5.</span> <span class='ocrx_word' id='word_1_198' title='bbox 256 1740 421 1774; x_wconf 72' lang='lat' dir='ltr'>Pistillum</span> <span class='ocrx_word' id='word_1_199' title='bbox 438 1752 516 1773; x_wconf 89' lang='lat' dir='ltr'>eum</span> <span class='ocrx_word' id='word_1_200' title='bbox 530 1741 653 1788; x_wconf 74' lang='lat' dir='ltr'>calycc.</span> <span class='ocrx_word' id='word_1_201' title='bbox 673 1741 705 1774; x_wconf 78' lang='lat'>6.</span> <span class='ocrx_word' id='word_1_202' title='bbox 720 1741 848 1788; x_wconf 82' lang='lat' dir='ltr'>Stigma</span> <span class='ocrx_word' id='word_1_203' title='bbox 870 1742 1048 1776; x_wconf 72' lang='lat' dir='ltr'>multoties</span> <span class='ocrx_word' id='word_1_204' title='bbox 1065 1750 1218 1776; x_wconf 77' lang='lat' dir='ltr'>anctum.</span> 
     </span>
    </p>
   </div>
   <div class='ocr_carea' id='block_1_8' title="bbox 204 1813 1941 2262">
    <p class='ocr_par' dir='ltr' id='par_1_8' title="bbox 204 1813 1941 2262">
     <span class='ocr_line' id='line_1_19' title="bbox 238 1813 1938 1848; baseline 0.004 -13"><span class='ocrx_word' id='word_1_205' title='bbox 238 1814 296 1836; x_wconf 72' lang='lat' dir='ltr'>ssus.</span> <span class='ocrx_word' id='word_1_206' title='bbox 313 1813 433 1845; x_wconf 84' lang='lat' dir='ltr'>Speciem</span> <span class='ocrx_word' id='word_1_207' title='bbox 457 1818 576 1838; x_wconf 84' lang='lat' dir='ltr'>nostram</span> <span class='ocrx_word' id='word_1_208' title='bbox 596 1814 775 1838; x_wconf 85' lang='lat' dir='ltr'>dubitabundi</span> <span class='ocrx_word' id='word_1_209' title='bbox 798 1814 832 1839; x_wconf 84' lang='lat' dir='ltr'>ad</span> <span class='ocrx_word' id='word_1_210' title='bbox 851 1815 878 1839; x_wconf 89' lang='lat' dir='ltr'>S.</span> <span class='ocrx_word' id='word_1_211' title='bbox 901 1815 1002 1839; x_wconf 80' lang='lat' dir='ltr'>Smithii</span> <span class='ocrx_word' id='word_1_212' title='bbox 1024 1816 1153 1840; x_wconf 85' lang='lat' dir='ltr'>Hornem.</span> <span class='ocrx_word' id='word_1_213' title='bbox 1175 1816 1316 1841; x_wconf 82' lang='lat' dir='ltr'>retulimus</span> <span class='ocrx_word' id='word_1_214' title='bbox 1328 1834 1333 1843; x_wconf 83' lang='lat'>‚</span> <span class='ocrx_word' id='word_1_215' title='bbox 1351 1818 1414 1848; x_wconf 85' lang='lat' dir='ltr'>quia</span> <span class='ocrx_word' id='word_1_216' title='bbox 1438 1816 1556 1848; x_wconf 83' lang='lat' dir='ltr'>plantam</span> <span class='ocrx_word' id='word_1_217' title='bbox 1582 1824 1655 1840; x_wconf 86' lang='lat' dir='ltr'>suam</span> <span class='ocrx_word' id='word_1_218' title='bbox 1680 1824 1775 1848; x_wconf 78' lang='lat' dir='ltr'>parcus</span> <span class='ocrx_word' id='word_1_219' title='bbox 1795 1817 1938 1841; x_wconf 89' lang='lat' dir='ltr'>verborum</span> 
     </span>
     <span class='ocr_line' id='line_1_20' title="bbox 205 1873 1939 1908; baseline 0.003 -13"><span class='ocrx_word' id='word_1_220' title='bbox 205 1873 293 1903; x_wconf 81' lang='lat' dir='ltr'>phrasi</span> <span class='ocrx_word' id='word_1_221' title='bbox 309 1874 397 1897; x_wconf 75' lang='lat' dir='ltr'>macra</span> <span class='ocrx_word' id='word_1_222' title='bbox 410 1873 490 1897; x_wconf 90' lang='lat' dir='ltr'>nimis</span> <span class='ocrx_word' id='word_1_223' title='bbox 502 1878 581 1905; x_wconf 86' lang='lat' dir='ltr'>atque</span> <span class='ocrx_word' id='word_1_224' title='bbox 596 1875 712 1906; x_wconf 79' lang='lat' dir='ltr'>ancipite</span> <span class='ocrx_word' id='word_1_225' title='bbox 725 1875 876 1906; x_wconf 75' lang='lat' dir='ltr'>descripsit,</span> <span class='ocrx_word' id='word_1_226' title='bbox 889 1874 1002 1898; x_wconf 84' lang='lat' dir='ltr'>Linkius</span> <span class='ocrx_word' id='word_1_227' title='bbox 1015 1882 1122 1907; x_wconf 83' lang='lat' dir='ltr'>quoque</span> <span class='ocrx_word' id='word_1_228' title='bbox 1135 1874 1236 1899; x_wconf 89' lang='lat' dir='ltr'>luteam</span> <span class='ocrx_word' id='word_1_229' title='bbox 1248 1875 1378 1900; x_wconf 87' lang='lat' dir='ltr'>corollam</span> <span class='ocrx_word' id='word_1_230' title='bbox 1394 1875 1473 1900; x_wconf 83' lang='lat' dir='ltr'>dixit.</span> <span class='ocrx_word' id='word_1_231' title='bbox 1486 1875 1609 1900; x_wconf 84' lang='lat' dir='ltr'>Plantam</span> <span class='ocrx_word' id='word_1_232' title='bbox 1622 1881 1712 1900; x_wconf 86' lang='lat' dir='ltr'>autem</span> <span class='ocrx_word' id='word_1_233' title='bbox 1727 1881 1843 1900; x_wconf 86' lang='lat' dir='ltr'>nostram</span> <span class='ocrx_word' id='word_1_234' title='bbox 1857 1876 1939 1908; x_wconf 82' lang='lat' dir='ltr'>wyd—</span> 
     </span>
     <span class='ocr_line' id='line_1_21' title="bbox 205 1932 1941 1968; baseline 0.004 -14"><span class='ocrx_word' id='word_1_235' title='bbox 205 1933 311 1955; x_wconf 66' lang='lat' dir='ltr'>torinna:</span> <span class='ocrx_word' id='word_1_236' title='bbox 328 1932 497 1956; x_wconf 82' lang='lat' dir='ltr'>consimilem</span> <span class='ocrx_word' id='word_1_237' title='bbox 516 1940 574 1957; x_wconf 81' lang='lat' dir='ltr'>csse</span> <span class='ocrx_word' id='word_1_238' title='bbox 589 1938 675 1957; x_wconf 86' lang='lat' dir='ltr'>certos</span> <span class='ocrx_word' id='word_1_239' title='bbox 692 1941 740 1957; x_wconf 90' lang='lat' dir='ltr'>nos</span> <span class='ocrx_word' id='word_1_240' title='bbox 754 1933 813 1957; x_wconf 76' lang='lat' dir='ltr'>secti</span> <span class='ocrx_word' id='word_1_241' title='bbox 828 1933 955 1957; x_wconf 84' lang='lat' dir='ltr'>schedula</span> <span class='ocrx_word' id='word_1_242' title='bbox 971 1941 1051 1957; x_wconf 88' lang='lat' dir='ltr'>manu</span> <span class='ocrx_word' id='word_1_243' title='bbox 1066 1935 1173 1966; x_wconf 78' lang='lat' dir='ltr'>propria</span> <span class='ocrx_word' id='word_1_244' title='bbox 1191 1935 1216 1958; x_wconf 89' lang='lat' dir='ltr'>in</span> <span class='ocrx_word' id='word_1_245' title='bbox 1233 1934 1310 1958; x_wconf 87' lang='lat' dir='ltr'>herb.</span> <span class='ocrx_word' id='word_1_246' title='bbox 1327 1934 1524 1959; x_wconf 86' lang='lat' dir='ltr'>Fontanesiano</span> <span class='ocrx_word' id='word_1_247' title='bbox 1540 1935 1684 1967; x_wconf 84' lang='lat' dir='ltr'>inscripta;</span> <span class='ocrx_word' id='word_1_248' title='bbox 1699 1943 1795 1959; x_wconf 88' lang='lat' dir='ltr'>nomen</span> <span class='ocrx_word' id='word_1_249' title='bbox 1809 1936 1871 1968; x_wconf 68' lang='lat' dir='ltr'>ergo</span> <span class='ocrx_word' id='word_1_250' title='bbox 1888 1944 1941 1961; x_wconf 81' lang='lat' dir='ltr'>ser—</span> 
     </span>
     <span class='ocr_line' id='line_1_22' title="bbox 206 1990 1937 2026; baseline 0.003 -12"><span class='ocrx_word' id='word_1_251' title='bbox 206 1992 336 2016; x_wconf 70' lang='lat' dir='ltr'>ravimus.</span> <span class='ocrx_word' id='word_1_252' title='bbox 353 1991 379 2015; x_wconf 91' lang='lat' dir='ltr'>S.</span> <span class='ocrx_word' id='word_1_253' title='bbox 393 1990 496 2015; x_wconf 78' lang='lat' dir='ltr'>smithii</span> <span class='ocrx_word' id='word_1_254' title='bbox 507 1996 595 2015; x_wconf 87' lang='lat' dir='ltr'>nostra</span> <span class='ocrx_word' id='word_1_255' title='bbox 610 1991 696 2016; x_wconf 77' lang='lat' dir='ltr'>affinis</span> <span class='ocrx_word' id='word_1_256' title='bbox 708 1997 745 2016; x_wconf 87' lang='lat' dir='ltr'>est</span> <span class='ocrx_word' id='word_1_257' title='bbox 762 1992 957 2017; x_wconf 62' lang='lat' dir='ltr'>&amp;Scor-odonia»</span> <span class='ocrx_word' id='word_1_258' title='bbox 969 1993 1045 2016; x_wconf 89' lang='lat' dir='ltr'>Linn.</span> <span class='ocrx_word' id='word_1_259' title='bbox 1061 1993 1075 2016; x_wconf 80' lang='lat' dir='ltr'>a</span> <span class='ocrx_word' id='word_1_260' title='bbox 1086 1993 1138 2025; x_wconf 77' lang='lat' dir='ltr'>qua</span> <span class='ocrx_word' id='word_1_261' title='bbox 1152 1993 1278 2017; x_wconf 85' lang='lat' dir='ltr'>soliorum</span> <span class='ocrx_word' id='word_1_262' title='bbox 1290 1994 1426 2026; x_wconf 66' lang='lat' dir='ltr'>nunquam</span> <span class='ocrx_word' id='word_1_263' title='bbox 1444 1993 1607 2018; x_wconf 76' lang='lat' dir='ltr'>bullatarum</span> <span class='ocrx_word' id='word_1_264' title='bbox 1621 1994 1705 2018; x_wconf 77' lang='lat' dir='ltr'>forma</span> <span class='ocrx_word' id='word_1_265' title='bbox 1718 2000 1742 2018; x_wconf 88' lang='lat' dir='ltr'>et</span> <span class='ocrx_word' id='word_1_266' title='bbox 1754 1997 1937 2024; x_wconf 76' lang='lat' dir='ltr'>consistentia,</span> 
     </span>
     <span class='ocr_line' id='line_1_23' title="bbox 204 2049 1941 2087; baseline 0.003 -14"><span class='ocrx_word' id='word_1_267' title='bbox 204 2050 303 2073; x_wconf 75' lang='lat' dir='ltr'>corolla</span> <span class='ocrx_word' id='word_1_268' title='bbox 321 2049 441 2081; x_wconf 72' lang='lat' dir='ltr'>elongata</span> <span class='ocrx_word' id='word_1_269' title='bbox 466 2049 606 2074; x_wconf 85' lang='lat' dir='ltr'>coneolore</span> <span class='ocrx_word' id='word_1_270' title='bbox 617 2067 623 2076; x_wconf 89' lang='lat'><em>,</em></span> <span class='ocrx_word' id='word_1_271' title='bbox 638 2050 703 2073; x_wconf 87' lang='lat' dir='ltr'>labii</span> <span class='ocrx_word' id='word_1_272' title='bbox 721 2050 866 2081; x_wconf 85' lang='lat' dir='ltr'>superioris</span> <span class='ocrx_word' id='word_1_273' title='bbox 878 2049 984 2073; x_wconf 85' lang='lat' dir='ltr'>laciniis</span> <span class='ocrx_word' id='word_1_274' title='bbox 999 2050 1121 2082; x_wconf 83' lang='lat' dir='ltr'>oblongis</span> <span class='ocrx_word' id='word_1_275' title='bbox 1134 2068 1139 2077; x_wconf 87' lang='lat'><em>,</em></span> <span class='ocrx_word' id='word_1_276' title='bbox 1156 2052 1267 2075; x_wconf 77' lang='lat' dir='ltr'>anthera</span> <span class='ocrx_word' id='word_1_277' title='bbox 1281 2052 1365 2076; x_wconf 87' lang='lat' dir='ltr'>sterili</span> <span class='ocrx_word' id='word_1_278' title='bbox 1383 2052 1535 2077; x_wconf 78' lang='lat' dir='ltr'>clavisormi</span> <span class='ocrx_word' id='word_1_279' title='bbox 1552 2053 1665 2085; x_wconf 87' lang='lat' dir='ltr'>aliisque</span> <span class='ocrx_word' id='word_1_280' title='bbox 1688 2055 1757 2077; x_wconf 89' lang='lat' dir='ltr'>notis</span> <span class='ocrx_word' id='word_1_281' title='bbox 1772 2055 1837 2078; x_wconf 84' lang='lat' dir='ltr'>satis</span> <span class='ocrx_word' id='word_1_282' title='bbox 1849 2062 1941 2087; x_wconf 89' lang='lat' dir='ltr'>super-</span> 
     </span>
     <span class='ocr_line' id='line_1_24' title="bbox 204 2107 1938 2144; baseline 0.002 -12"><span class='ocrx_word' id='word_1_283' title='bbox 204 2116 254 2140; x_wconf 84' lang='lat' dir='ltr'>que</span> <span class='ocrx_word' id='word_1_284' title='bbox 272 2107 371 2132; x_wconf 77' lang='lat' dir='ltr'>differt.</span> <span class='ocrx_word' id='word_1_285' title='bbox 397 2108 450 2131; x_wconf 85' lang='lat' dir='ltr'>Nec</span> <span class='ocrx_word' id='word_1_286' title='bbox 464 2108 553 2131; x_wconf 48' lang='lat' dir='ltr'>mimis</span> <span class='ocrx_word' id='word_1_287' title='bbox 569 2107 655 2131; x_wconf 77' lang='lat' dir='ltr'>affinis</span> <span class='ocrx_word' id='word_1_288' title='bbox 669 2112 707 2131; x_wconf 79' lang='lat' dir='ltr'>est</span> <span class='ocrx_word' id='word_1_289' title='bbox 723 2110 749 2133; x_wconf 87' lang='lat' dir='ltr'>S.</span> <span class='ocrx_word' id='word_1_290' title='bbox 762 2108 863 2139; x_wconf 73' lang='lat' dir='ltr'>alpestri</span> <span class='ocrx_word' id='word_1_291' title='bbox 878 2109 935 2140; x_wconf 84' lang='lat' dir='ltr'>Gay</span> <span class='ocrx_word' id='word_1_292' title='bbox 961 2109 1003 2137; x_wconf 82' lang='lat' dir='ltr'>(in</span> <span class='ocrx_word' id='word_1_293' title='bbox 1016 2109 1103 2135; x_wconf 78' lang='lat' dir='ltr'>Sched,</span> <span class='ocrx_word' id='word_1_294' title='bbox 1125 2110 1206 2141; x_wconf 81' lang='lat' dir='ltr'>plant.</span> <span class='ocrx_word' id='word_1_295' title='bbox 1229 2116 1307 2135; x_wconf 79' lang='lat' dir='ltr'>astur.</span> <span class='ocrx_word' id='word_1_296' title='bbox 1323 2111 1425 2139; x_wconf 83' lang='lat' dir='ltr'>Duriaei,</span> <span class='ocrx_word' id='word_1_297' title='bbox 1438 2112 1481 2135; x_wconf 80' lang='lat' dir='ltr'>sub</span> <span class='ocrx_word' id='word_1_298' title='bbox 1500 2119 1569 2135; x_wconf 75' lang='lat' dir='ltr'>mam.</span> <span class='ocrx_word' id='word_1_299' title='bbox 1591 2112 1656 2143; x_wconf 74' lang='lat'>262)</span> <span class='ocrx_word' id='word_1_300' title='bbox 1679 2111 1771 2144; x_wconf 87' lang='lat' dir='ltr'>cujus,</span> <span class='ocrx_word' id='word_1_301' title='bbox 1788 2118 1814 2136; x_wconf 86' lang='lat' dir='ltr'>ut</span> <span class='ocrx_word' id='word_1_302' title='bbox 1829 2117 1938 2144; x_wconf 82' lang='lat' dir='ltr'>pateant</span> 
     </span>
     <span class='ocr_line' id='line_1_25' title="bbox 205 2166 1938 2204; baseline 0.003 -13"><span class='ocrx_word' id='word_1_303' title='bbox 205 2168 372 2194; x_wconf 64' lang='lat' dir='ltr'>differentiae,</span> <span class='ocrx_word' id='word_1_304' title='bbox 391 2166 610 2198; x_wconf 80' lang='lat' dir='ltr'>descriptionem,</span> <span class='ocrx_word' id='word_1_305' title='bbox 624 2174 715 2198; x_wconf 85' lang='lat' dir='ltr'>quam,</span> <span class='ocrx_word' id='word_1_306' title='bbox 730 2167 799 2198; x_wconf 88' lang='lat' dir='ltr'>typis</span> <span class='ocrx_word' id='word_1_307' title='bbox 813 2166 878 2190; x_wconf 87' lang='lat' dir='ltr'>olim</span> <span class='ocrx_word' id='word_1_308' title='bbox 893 2167 1051 2199; x_wconf 82' lang='lat' dir='ltr'>impressam</span> <span class='ocrx_word' id='word_1_309' title='bbox 1068 2167 1115 2191; x_wconf 87' lang='lat' dir='ltr'>sed</span> <span class='ocrx_word' id='word_1_310' title='bbox 1130 2167 1284 2193; x_wconf 79' lang='lat' dir='ltr'>adhucdum</span> <span class='ocrx_word' id='word_1_311' title='bbox 1302 2170 1432 2194; x_wconf 80' lang='lat' dir='ltr'>ineditam</span> <span class='ocrx_word' id='word_1_312' title='bbox 1444 2187 1450 2197; x_wconf 85' lang='lat'>‚</span> <span class='ocrx_word' id='word_1_313' title='bbox 1469 2171 1603 2195; x_wconf 87' lang='lat' dir='ltr'>commisit</span> <span class='ocrx_word' id='word_1_314' title='bbox 1621 2170 1699 2195; x_wconf 88' lang='lat' dir='ltr'>nobis</span> <span class='ocrx_word' id='word_1_315' title='bbox 1715 2170 1844 2196; x_wconf 86' lang='lat' dir='ltr'>celeberr.</span> <span class='ocrx_word' id='word_1_316' title='bbox 1858 2176 1938 2204; x_wconf 79' lang='lat' dir='ltr'>atquc</span> 
     </span>
     <span class='ocr_line' id='line_1_26' title="bbox 205 2225 1937 2262; baseline 0.002 -12"><span class='ocrx_word' id='word_1_317' title='bbox 205 2227 385 2251; x_wconf 81' lang='lat' dir='ltr'>amicissimus</span> <span class='ocrx_word' id='word_1_318' title='bbox 398 2231 499 2255; x_wconf 81' lang='lat' dir='ltr'>auctor,</span> <span class='ocrx_word' id='word_1_319' title='bbox 512 2233 544 2249; x_wconf 81' lang='lat' dir='ltr'>ex</span> <span class='ocrx_word' id='word_1_320' title='bbox 555 2229 610 2250; x_wconf 84' lang='lat' dir='ltr'>toto</span> <span class='ocrx_word' id='word_1_321' title='bbox 625 2225 789 2258; x_wconf 76' lang='lat' dir='ltr'>perlibenter</span> <span class='ocrx_word' id='word_1_322' title='bbox 802 2225 1014 2253; x_wconf 85' lang='lat' dir='ltr'>transcribimus,</span> <span class='ocrx_word' id='word_1_323' title='bbox 1028 2226 1175 2251; x_wconf 86' lang='lat' dir='ltr'>dolendum</span> <span class='ocrx_word' id='word_1_324' title='bbox 1184 2228 1256 2252; x_wconf 82' lang='lat' dir='ltr'>enim</span> <span class='ocrx_word' id='word_1_325' title='bbox 1266 2233 1373 2253; x_wconf 74' lang='lat' dir='ltr'>osteum</span> <span class='ocrx_word' id='word_1_326' title='bbox 1386 2229 1447 2252; x_wconf 83' lang='lat' dir='ltr'>aliis</span> <span class='ocrx_word' id='word_1_327' title='bbox 1456 2230 1605 2254; x_wconf 80' lang='lat' dir='ltr'>etiamnum</span> <span class='ocrx_word' id='word_1_328' title='bbox 1615 2230 1742 2254; x_wconf 81' lang='lat' dir='ltr'>confundi</span> <span class='ocrx_word' id='word_1_329' title='bbox 1754 2237 1832 2262; x_wconf 81' lang='lat' dir='ltr'>posse</span> <span class='ocrx_word' id='word_1_330' title='bbox 1843 2230 1937 2255; x_wconf 87' lang='lat' dir='ltr'>orbam</span> 
     </span>
    </p>
   </div>
   <div class='ocr_carea' id='block_1_9' title="bbox 204 2286 500 2317">
    <p class='ocr_par' dir='ltr' id='par_1_9' title="bbox 204 2286 500 2317">
     <span class='ocr_line' id='line_1_27' title="bbox 204 2286 500 2317; baseline -0.007 -7"><span class='ocrx_word' id='word_1_331' title='bbox 204 2287 361 2317; x_wconf 72' lang='lat' dir='ltr'>diagnoscos</span> <span class='ocrx_word' id='word_1_332' title='bbox 373 2286 500 2317; x_wconf 84' lang='lat' dir='ltr'>speciem.</span> 
     </span>
    </p>
   </div>
   <div class='ocr_carea' id='block_1_10' title="bbox 732 2388 1415 2415">
    <p class='ocr_par' dir='ltr' id='par_1_10' title="bbox 732 2388 1415 2415">
     <span class='ocr_line' id='line_1_28' title="bbox 732 2388 1415 2415; baseline 0.006 -5"><span class='ocrx_word' id='word_1_333' title='bbox 732 2399 740 2409; x_wconf 80' lang='grc' dir='ltr'>ι</span> <span class='ocrx_word' id='word_1_334' title='bbox 763 2388 1046 2412; x_wconf 80' lang='lat' dir='ltr'>SCROFULARlA</span> <span class='ocrx_word' id='word_1_335' title='bbox 1073 2390 1306 2414; x_wconf 81' lang='lat' dir='ltr'>ALPESTRIS.</span> <span class='ocrx_word' id='word_1_336' title='bbox 1335 2390 1415 2415; x_wconf 66' lang='lat' dir='ltr'>Gn.</span> 
     </span>
    </p>
   </div>
   <div class='ocr_carea' id='block_1_11' title="bbox 204 2469 1939 2981">
    <p class='ocr_par' dir='ltr' id='par_1_11' title="bbox 206 2469 1939 2745">
     <span class='ocr_line' id='line_1_29' title="bbox 240 2469 1939 2509; baseline 0.004 -15"><span class='ocrx_word' id='word_1_337' title='bbox 240 2481 248 2490; x_wconf 76' lang='grc' dir='ltr'>ι</span> <span class='ocrx_word' id='word_1_338' title='bbox 262 2471 289 2496; x_wconf 93' lang='lat' dir='ltr'>S.</span> <span class='ocrx_word' id='word_1_339' title='bbox 301 2470 438 2502; x_wconf 86' lang='lat' dir='ltr'>perennis,</span> <span class='ocrx_word' id='word_1_340' title='bbox 456 2469 521 2502; x_wconf 80' lang='lat' dir='ltr'>pilis</span> <span class='ocrx_word' id='word_1_341' title='bbox 534 2477 585 2494; x_wconf 83' lang='lat' dir='ltr'>non</span> <span class='ocrx_word' id='word_1_342' title='bbox 602 2470 745 2502; x_wconf 71' lang='lat' dir='ltr'>septiforis,</span> <span class='ocrx_word' id='word_1_343' title='bbox 762 2470 796 2494; x_wconf 90' lang='lat' dir='ltr'>ad</span> <span class='ocrx_word' id='word_1_344' title='bbox 810 2470 893 2496; x_wconf 79' lang='lat' dir='ltr'>nodos</span> <span class='ocrx_word' id='word_1_345' title='bbox 908 2477 933 2496; x_wconf 89' lang='lat' dir='ltr'>et</span> <span class='ocrx_word' id='word_1_346' title='bbox 947 2473 973 2496; x_wconf 89' lang='lat' dir='ltr'>in</span> <span class='ocrx_word' id='word_1_347' title='bbox 988 2475 1100 2505; x_wconf 73' lang='lat' dir='ltr'>utraque</span> <span class='ocrx_word' id='word_1_348' title='bbox 1117 2473 1244 2498; x_wconf 81' lang='lat' dir='ltr'>soliorum</span> <span class='ocrx_word' id='word_1_349' title='bbox 1259 2476 1355 2507; x_wconf 72' lang='lat' dir='ltr'>pagina</span> <span class='ocrx_word' id='word_1_350' title='bbox 1374 2475 1541 2507; x_wconf 83' lang='lat' dir='ltr'>longioribus</span> <span class='ocrx_word' id='word_1_351' title='bbox 1557 2475 1584 2499; x_wconf 91' lang='lat' dir='ltr'>in</span> <span class='ocrx_word' id='word_1_352' title='bbox 1605 2476 1742 2508; x_wconf 85' lang='lat' dir='ltr'>superiore</span> <span class='ocrx_word' id='word_1_353' title='bbox 1757 2475 1853 2508; x_wconf 81' lang='lat' dir='ltr'>plantae</span> <span class='ocrx_word' id='word_1_354' title='bbox 1865 2482 1939 2509; x_wconf 86' lang='lat' dir='ltr'>parte</span> 
     </span>
     <span class='ocr_line' id='line_1_30' title="bbox 206 2527 1937 2566; baseline 0.005 -15"><span class='ocrx_word' id='word_1_355' title='bbox 206 2540 215 2549; x_wconf 78' lang='lat'><strong>»</strong></span> <span class='ocrx_word' id='word_1_356' title='bbox 231 2527 419 2560; x_wconf 80' lang='lat' dir='ltr'>glanduliseris</span> <span class='ocrx_word' id='word_1_357' title='bbox 429 2545 436 2555; x_wconf 91' lang='lat'><em>,</em></span> <span class='ocrx_word' id='word_1_358' title='bbox 450 2532 504 2552; x_wconf 87' lang='lat' dir='ltr'>tota</span> <span class='ocrx_word' id='word_1_359' title='bbox 523 2527 583 2551; x_wconf 81' lang='lat' dir='ltr'>laxe</span> <span class='ocrx_word' id='word_1_360' title='bbox 605 2528 770 2559; x_wconf 84' lang='lat' dir='ltr'>pubescens;</span> <span class='ocrx_word' id='word_1_361' title='bbox 789 2529 864 2554; x_wconf 81' lang='lat' dir='ltr'>caule</span> <span class='ocrx_word' id='word_1_362' title='bbox 881 2530 997 2562; x_wconf 83' lang='lat' dir='ltr'>simplici</span> <span class='ocrx_word' id='word_1_363' title='bbox 1010 2538 1016 2560; x_wconf 89' lang='lat'>;</span> <span class='ocrx_word' id='word_1_364' title='bbox 1036 2531 1107 2556; x_wconf 84' lang='lat' dir='ltr'>sotiis</span> <span class='ocrx_word' id='word_1_365' title='bbox 1123 2534 1334 2558; x_wconf 69' lang='lat' dir='ltr'>cordato-ovans</span> <span class='ocrx_word' id='word_1_366' title='bbox 1346 2533 1388 2558; x_wconf 83' lang='lat' dir='ltr'>vel</span> <span class='ocrx_word' id='word_1_367' title='bbox 1403 2533 1617 2566; x_wconf 81' lang='lat' dir='ltr'>ovato-oblongis</span> <span class='ocrx_word' id='word_1_368' title='bbox 1630 2554 1636 2564; x_wconf 91' lang='lat'>‚</span> <span class='ocrx_word' id='word_1_369' title='bbox 1649 2536 1764 2559; x_wconf 66' lang='lat' dir='ltr'>crena-tis</span> <span class='ocrx_word' id='word_1_370' title='bbox 1778 2536 1919 2559; x_wconf 86' lang='lat' dir='ltr'>serratisve</span> <span class='ocrx_word' id='word_1_371' title='bbox 1931 2553 1937 2563; x_wconf 87' lang='lat'><em>,</em></span> 
     </span>
     <span class='ocr_line' id='line_1_31' title="bbox 206 2587 1937 2627; baseline 0.004 -16"><span class='ocrx_word' id='word_1_372' title='bbox 206 2598 216 2608; x_wconf 71' lang='grc' dir='ltr'>ι</span> <span class='ocrx_word' id='word_1_373' title='bbox 234 2588 423 2620; x_wconf 84' lang='lat' dir='ltr'>impunctatis;</span> <span class='ocrx_word' id='word_1_374' title='bbox 439 2587 564 2619; x_wconf 76' lang='lat' dir='ltr'>panicula</span> <span class='ocrx_word' id='word_1_375' title='bbox 578 2588 712 2612; x_wconf 82' lang='lat' dir='ltr'>terminali</span> <span class='ocrx_word' id='word_1_376' title='bbox 730 2588 838 2613; x_wconf 74' lang='lat' dir='ltr'>demum</span> <span class='ocrx_word' id='word_1_377' title='bbox 850 2590 973 2622; x_wconf 74' lang='lat' dir='ltr'>elongata</span> <span class='ocrx_word' id='word_1_378' title='bbox 986 2610 993 2622; x_wconf 91' lang='lat'><em>,</em></span> <span class='ocrx_word' id='word_1_379' title='bbox 1006 2591 1064 2616; x_wconf 87' lang='lat' dir='ltr'>basi</span> <span class='ocrx_word' id='word_1_380' title='bbox 1081 2591 1171 2616; x_wconf 73' lang='lat' dir='ltr'>foliata</span> <span class='ocrx_word' id='word_1_381' title='bbox 1184 2609 1190 2621; x_wconf 88' lang='lat'><em>,</em></span> <span class='ocrx_word' id='word_1_382' title='bbox 1205 2593 1289 2624; x_wconf 87' lang='lat' dir='ltr'>cymis</span> <span class='ocrx_word' id='word_1_383' title='bbox 1306 2593 1467 2623; x_wconf 54' lang='lat' dir='ltr'>ado-floris,</span> <span class='ocrx_word' id='word_1_384' title='bbox 1483 2593 1624 2627; x_wconf 81' lang='lat' dir='ltr'>pedicellis</span> <span class='ocrx_word' id='word_1_385' title='bbox 1636 2594 1779 2620; x_wconf 77' lang='lat' dir='ltr'>fructiferis</span> <span class='ocrx_word' id='word_1_386' title='bbox 1792 2596 1937 2627; x_wconf 78' lang='lat' dir='ltr'>elongatis,</span> 
     </span>
     <span class='ocr_line' id='line_1_32' title="bbox 207 2647 1938 2687; baseline 0.007 -19"><span class='ocrx_word' id='word_1_387' title='bbox 207 2657 217 2668; x_wconf 72' lang='grc' dir='ltr'>ι</span> <span class='ocrx_word' id='word_1_388' title='bbox 234 2647 422 2674; x_wconf 83' lang='lat' dir='ltr'>teretiusculis,</span> <span class='ocrx_word' id='word_1_389' title='bbox 436 2648 511 2679; x_wconf 84' lang='lat' dir='ltr'>apice</span> <span class='ocrx_word' id='word_1_390' title='bbox 523 2647 711 2679; x_wconf 84' lang='lat' dir='ltr'>glaberrimis;</span> <span class='ocrx_word' id='word_1_391' title='bbox 729 2648 827 2681; x_wconf 81' lang='lat' dir='ltr'>calycis</span> <span class='ocrx_word' id='word_1_392' title='bbox 840 2651 953 2682; x_wconf 73' lang='lat' dir='ltr'>perinde</span> <span class='ocrx_word' id='word_1_393' title='bbox 967 2651 1123 2684; x_wconf 84' lang='lat' dir='ltr'>glaberrimi</span> <span class='ocrx_word' id='word_1_394' title='bbox 1139 2655 1283 2685; x_wconf 83' lang='lat' dir='ltr'>segmentis</span> <span class='ocrx_word' id='word_1_395' title='bbox 1297 2654 1350 2679; x_wconf 76' lang='lat' dir='ltr'>late</span> <span class='ocrx_word' id='word_1_396' title='bbox 1365 2655 1461 2683; x_wconf 80' lang='lat' dir='ltr'>ovatis,</span> <span class='ocrx_word' id='word_1_397' title='bbox 1475 2656 1664 2687; x_wconf 85' lang='lat' dir='ltr'>integerrimis,</span> <span class='ocrx_word' id='word_1_398' title='bbox 1677 2655 1867 2684; x_wconf 87' lang='lat' dir='ltr'>obtusissimis,</span> <span class='ocrx_word' id='word_1_399' title='bbox 1880 2663 1938 2681; x_wconf 77' lang='lat' dir='ltr'>sor-</span> 
     </span>
     <span class='ocr_line' id='line_1_33' title="bbox 207 2705 1903 2745; baseline 0.006 -17"><span class='ocrx_word' id='word_1_400' title='bbox 207 2717 216 2726; x_wconf 82' lang='lat'><strong>·</strong></span> <span class='ocrx_word' id='word_1_401' title='bbox 231 2705 294 2729; x_wconf 71' lang='lat' dir='ltr'>dide</span> <span class='ocrx_word' id='word_1_402' title='bbox 311 2705 560 2737; x_wconf 84' lang='lat' dir='ltr'>albo-marginatis;</span> <span class='ocrx_word' id='word_1_403' title='bbox 580 2707 691 2730; x_wconf 77' lang='lat' dir='ltr'>anthera</span> <span class='ocrx_word' id='word_1_404' title='bbox 705 2707 789 2731; x_wconf 85' lang='lat' dir='ltr'>sterili</span> <span class='ocrx_word' id='word_1_405' title='bbox 803 2710 951 2733; x_wconf 81' lang='lat' dir='ltr'>transverse</span> <span class='ocrx_word' id='word_1_406' title='bbox 964 2709 1088 2742; x_wconf 78' lang='lat' dir='ltr'>oblonga,</span> <span class='ocrx_word' id='word_1_407' title='bbox 1101 2712 1190 2734; x_wconf 73' lang='lat' dir='ltr'>retusa</span> <span class='ocrx_word' id='word_1_408' title='bbox 1202 2710 1244 2734; x_wconf 84' lang='lat' dir='ltr'>vel</span> <span class='ocrx_word' id='word_1_409' title='bbox 1259 2710 1476 2744; x_wconf 74' lang='lat' dir='ltr'>subemarginata</span> <span class='ocrx_word' id='word_1_410' title='bbox 1489 2720 1496 2741; x_wconf 88' lang='lat'>;</span> <span class='ocrx_word' id='word_1_411' title='bbox 1512 2712 1621 2745; x_wconf 66' lang='lat' dir='ltr'>capsula</span> <span class='ocrx_word' id='word_1_412' title='bbox 1638 2714 1726 2742; x_wconf 69' lang='lat' dir='ltr'>ovata,</span> <span class='ocrx_word' id='word_1_413' title='bbox 1741 2714 1903 2739; x_wconf 73' lang='lat' dir='ltr'>acuminata.</span> 
     </span>
    </p>

    <p class='ocr_par' dir='ltr' id='par_1_12' title="bbox 240 2763 1033 2799">
     <span class='ocr_line' id='line_1_34' title="bbox 240 2763 1033 2799; baseline 0.005 -12"><span class='ocrx_word' id='word_1_414' title='bbox 240 2774 247 2782; x_wconf 87' lang='lat'><strong>·</strong></span> <span class='ocrx_word' id='word_1_415' title='bbox 261 2763 420 2787; x_wconf 82' lang='lat' dir='ltr'>Scrofularia</span> <span class='ocrx_word' id='word_1_416' title='bbox 438 2763 525 2796; x_wconf 86' lang='lat' dir='ltr'>major</span> <span class='ocrx_word' id='word_1_417' title='bbox 540 2764 652 2792; x_wconf 80' lang='lat' dir='ltr'>hirsuta.</span> <span class='ocrx_word' id='word_1_418' title='bbox 673 2765 797 2796; x_wconf 59' lang='lat' dir='ltr'>Toumqf„</span> <span class='ocrx_word' id='word_1_419' title='bbox 811 2766 888 2796; x_wconf 55' lang='lat' dir='ltr'>Inar„</span> <span class='ocrx_word' id='word_1_420' title='bbox 902 2775 962 2799; x_wconf 77' lang='lat' dir='ltr'>paq.</span> <span class='ocrx_word' id='word_1_421' title='bbox 975 2768 1033 2792; x_wconf 83' lang='lat'>161.</span> 
     </span>
    </p>

    <p class='ocr_par' dir='ltr' id='par_1_13' title="bbox 204 2821 1937 2981">
     <span class='ocr_line' id='line_1_35' title="bbox 238 2821 1937 2863; baseline 0.006 -18"><span class='ocrx_word' id='word_1_422' title='bbox 238 2832 247 2841; x_wconf 80' lang='grc' dir='ltr'>ι·</span> <span class='ocrx_word' id='word_1_423' title='bbox 263 2821 423 2846; x_wconf 82' lang='lat' dir='ltr'>Scrofularia</span> <span class='ocrx_word' id='word_1_424' title='bbox 440 2822 568 2854; x_wconf 90' lang='lat' dir='ltr'>Scopolii.</span> <span class='ocrx_word' id='word_1_425' title='bbox 588 2824 670 2855; x_wconf 64' lang='lat' dir='ltr'>Lais„</span> <span class='ocrx_word' id='word_1_426' title='bbox 690 2824 761 2853; x_wconf 61' lang='lat' dir='ltr'>Not„</span> <span class='ocrx_word' id='word_1_427' title='bbox 781 2833 838 2856; x_wconf 69' lang='lat' dir='ltr'>paq.</span> <span class='ocrx_word' id='word_1_428' title='bbox 856 2826 898 2851; x_wconf 83' lang='lat'>95.</span> <span class='ocrx_word' id='word_1_429' title='bbox 911 2840 944 2844; x_wconf 90' lang='lat'>—</span> <span class='ocrx_word' id='word_1_430' title='bbox 955 2828 1070 2859; x_wconf 69' lang='lat' dir='ltr'>Lapeyr„</span> <span class='ocrx_word' id='word_1_431' title='bbox 1083 2827 1155 2859; x_wconf 55' lang='grc' dir='ltr'><strong><em>Αὔγη,</em></strong></span> <span class='ocrx_word' id='word_1_432' title='bbox 1168 2837 1225 2860; x_wconf 78' lang='lat' dir='ltr'>paq.</span> <span class='ocrx_word' id='word_1_433' title='bbox 1242 2829 1303 2854; x_wconf 82' lang='lat'>556.</span> <span class='ocrx_word' id='word_1_434' title='bbox 1317 2830 1429 2860; x_wconf 82' lang='lat' dir='ltr'>—DG.,</span> <span class='ocrx_word' id='word_1_435' title='bbox 1450 2830 1537 2862; x_wconf 85' lang='lat' dir='ltr'>Fl.sr.</span> <span class='ocrx_word' id='word_1_436' title='bbox 1550 2831 1646 2862; x_wconf 69' lang='lat' dir='ltr'>suppl„</span> <span class='ocrx_word' id='word_1_437' title='bbox 1660 2839 1718 2863; x_wconf 75' lang='lat' dir='ltr'>paq.</span> <span class='ocrx_word' id='word_1_438' title='bbox 1731 2832 1772 2856; x_wconf 77' lang='lat'>46.</span> <span class='ocrx_word' id='word_1_439' title='bbox 1787 2845 1820 2850; x_wconf 92' lang='lat'>—</span> <span class='ocrx_word' id='word_1_440' title='bbox 1834 2832 1937 2862; x_wconf 64' lang='lat' dir='ltr'>Bertol„</span> 
     </span>
     <span class='ocr_line' id='line_1_36' title="bbox 204 2880 1934 2923; baseline 0.007 -20"><span class='ocrx_word' id='word_1_441' title='bbox 204 2890 214 2901; x_wconf 74' lang='lat' dir='ltr'>n</span> <span class='ocrx_word' id='word_1_442' title='bbox 230 2881 323 2905; x_wconf 79' lang='lat' dir='ltr'>Amoen.</span> <span class='ocrx_word' id='word_1_443' title='bbox 337 2880 375 2909; x_wconf 83' lang='lat' dir='ltr'>it.,</span> <span class='ocrx_word' id='word_1_444' title='bbox 388 2888 445 2912; x_wconf 76' lang='lat' dir='ltr'>paq.</span> <span class='ocrx_word' id='word_1_445' title='bbox 458 2881 517 2906; x_wconf 73' lang='lat'>582.</span> <span class='ocrx_word' id='word_1_446' title='bbox 528 2894 560 2898; x_wconf 93' lang='lat'><em>—</em></span> <span class='ocrx_word' id='word_1_447' title='bbox 573 2882 663 2912; x_wconf 69' lang='lat' dir='ltr'>Wydt„</span> <span class='ocrx_word' id='word_1_448' title='bbox 679 2882 774 2914; x_wconf 65' lang='lat' dir='ltr'>Sorof„</span> <span class='ocrx_word' id='word_1_449' title='bbox 789 2890 849 2915; x_wconf 73' lang='lat' dir='ltr'>paq.</span> <span class='ocrx_word' id='word_1_450' title='bbox 864 2885 907 2911; x_wconf 80' lang='lat'>31,</span> <span class='ocrx_word' id='word_1_451' title='bbox 923 2884 1021 2916; x_wconf 80' lang='lat' dir='ltr'>pai-tim</span> <span class='ocrx_word' id='word_1_452' title='bbox 1033 2893 1040 2915; x_wconf 93' lang='lat'>;</span> <span class='ocrx_word' id='word_1_453' title='bbox 1053 2885 1210 2915; x_wconf 77' lang='lat' dir='ltr'>(confundit</span> <span class='ocrx_word' id='word_1_454' title='bbox 1224 2886 1297 2910; x_wconf 87' lang='lat' dir='ltr'>enim</span> <span class='ocrx_word' id='word_1_455' title='bbox 1310 2893 1400 2911; x_wconf 85' lang='lat' dir='ltr'>veram</span> <span class='ocrx_word' id='word_1_456' title='bbox 1413 2888 1440 2912; x_wconf 87' lang='lat' dir='ltr'>S.</span> <span class='ocrx_word' id='word_1_457' title='bbox 1455 2888 1571 2918; x_wconf 83' lang='lat' dir='ltr'>Scopolii</span> <span class='ocrx_word' id='word_1_458' title='bbox 1583 2896 1644 2914; x_wconf 90' lang='lat' dir='ltr'>cum</span> <span class='ocrx_word' id='word_1_459' title='bbox 1661 2892 1750 2914; x_wconf 68' lang='lat' dir='ltr'>nostra</span> <span class='ocrx_word' id='word_1_460' title='bbox 1761 2909 1768 2919; x_wconf 88' lang='lat'>‚</span> <span class='ocrx_word' id='word_1_461' title='bbox 1784 2895 1809 2914; x_wconf 87' lang='lat' dir='ltr'>et</span> <span class='ocrx_word' id='word_1_462' title='bbox 1826 2891 1934 2923; x_wconf 85' lang='lat' dir='ltr'>insuper</span> 
     </span>
     <span class='ocr_line' id='line_1_37' title="bbox 206 2940 1935 2981; baseline 0.008 -20"><span class='ocrx_word' id='word_1_463' title='bbox 206 2949 214 2959; x_wconf 80' lang='grc' dir='ltr'>ι</span> <span class='ocrx_word' id='word_1_464' title='bbox 233 2940 391 2963; x_wconf 74' lang='lat' dir='ltr'>varietatem&#39;</span> <span class='ocrx_word' id='word_1_465' title='bbox 413 2944 551 2964; x_wconf 82' lang='lat' dir='ltr'>enumerat</span> <span class='ocrx_word' id='word_1_466' title='bbox 575 2940 696 2973; x_wconf 80' lang='lat' dir='ltr'>glabram</span> <span class='ocrx_word' id='word_1_467' title='bbox 708 2961 714 2971; x_wconf 90' lang='lat'><em>,</em></span> <span class='ocrx_word' id='word_1_468' title='bbox 734 2949 815 2974; x_wconf 89' lang='lat' dir='ltr'>quam</span> <span class='ocrx_word' id='word_1_469' title='bbox 837 2949 885 2974; x_wconf 77' lang='lat' dir='ltr'>ego</span> <span class='ocrx_word' id='word_1_470' title='bbox 911 2942 925 2966; x_wconf 72' lang='grc' dir='ltr'>ὲ</span> <span class='ocrx_word' id='word_1_471' title='bbox 946 2942 1087 2968; x_wconf 78' lang='lat' dir='ltr'>Moutinsio</span> <span class='ocrx_word' id='word_1_472' title='bbox 1106 2949 1243 2977; x_wconf 85' lang='lat' dir='ltr'>acceptam</span> <span class='ocrx_word' id='word_1_473' title='bbox 1257 2953 1306 2978; x_wconf 89' lang='lat' dir='ltr'>pro</span> <span class='ocrx_word' id='word_1_474' title='bbox 1322 2946 1349 2971; x_wconf 91' lang='lat' dir='ltr'>S.</span> <span class='ocrx_word' id='word_1_475' title='bbox 1367 2948 1462 2971; x_wconf 73' lang='lat' dir='ltr'>nodosa</span> <span class='ocrx_word' id='word_1_476' title='bbox 1477 2949 1603 2980; x_wconf 82' lang='lat' dir='ltr'>agnovi).</span> <span class='ocrx_word' id='word_1_477' title='bbox 1619 2961 1652 2966; x_wconf 94' lang='lat'><strong>—</strong></span> <span class='ocrx_word' id='word_1_478' title='bbox 1666 2949 1723 2972; x_wconf 81' lang='lat' dir='ltr'>Non</span> <span class='ocrx_word' id='word_1_479' title='bbox 1736 2949 1836 2981; x_wconf 66' lang='lat' dir='ltr'>Hopp„</span> <span class='ocrx_word' id='word_1_480' title='bbox 1850 2950 1935 2977; x_wconf 77' lang='lat' dir='ltr'>Pers..</span> 
     </span>
    </p>
   </div>
   <div class='ocr_carea' id='block_1_12' title="bbox 208 2997 316 3022">
    <p class='ocr_par' dir='ltr' id='par_1_14' title="bbox 208 2997 316 3022">
     <span class='ocr_line' id='line_1_38' title="bbox 208 2997 316 3022; baseline -0.009 0"><span class='ocrx_word' id='word_1_481' title='bbox 208 3007 216 3016; x_wconf 70' lang='grc' dir='ltr'>ι</span> <span class='ocrx_word' id='word_1_482' title='bbox 230 2997 316 3022; x_wconf 82' lang='lat' dir='ltr'>Koch.</span> 
     </span>
    </p>
   </div>
   <div class='ocr_carea' id='block_1_13' title="bbox 243 3056 1938 3098">
    <p class='ocr_par' dir='ltr' id='par_1_15' title="bbox 243 3056 1938 3098">
     <span class='ocr_line' id='line_1_39' title="bbox 243 3056 1938 3098; baseline 0.006 -19"><span class='ocrx_word' id='word_1_483' title='bbox 243 3067 251 3076; x_wconf 69' lang='grc' dir='ltr'>υ</span> <span class='ocrx_word' id='word_1_484' title='bbox 269 3057 332 3080; x_wconf 65' lang='lat' dir='ltr'>llus.</span> <span class='ocrx_word' id='word_1_485' title='bbox 354 3057 381 3080; x_wconf 86' lang='lat' dir='ltr'>ln</span> <span class='ocrx_word' id='word_1_486' title='bbox 406 3056 520 3089; x_wconf 78' lang='lat' dir='ltr'>Alpibus</span> <span class='ocrx_word' id='word_1_487' title='bbox 540 3059 651 3090; x_wconf 83' lang='lat' dir='ltr'>Europae</span> <span class='ocrx_word' id='word_1_488' title='bbox 672 3059 796 3084; x_wconf 86' lang='lat' dir='ltr'>australis</span> <span class='ocrx_word' id='word_1_489' title='bbox 818 3059 1012 3091; x_wconf 86' lang='lat' dir='ltr'>occidentalis,</span> <span class='ocrx_word' id='word_1_490' title='bbox 1030 3062 1098 3086; x_wconf 83' lang='lat' dir='ltr'>inter</span> <span class='ocrx_word' id='word_1_491' title='bbox 1108 3061 1245 3094; x_wconf 81' lang='lat' dir='ltr'>Liguriam</span> <span class='ocrx_word' id='word_1_492' title='bbox 1267 3063 1424 3088; x_wconf 77' lang='lat' dir='ltr'>orientalem</span> <span class='ocrx_word' id='word_1_493' title='bbox 1445 3067 1470 3087; x_wconf 82' lang='lat' dir='ltr'>et</span> <span class='ocrx_word' id='word_1_494' title='bbox 1484 3064 1629 3088; x_wconf 79' lang='lat' dir='ltr'>Asturiam.</span> <span class='ocrx_word' id='word_1_495' title='bbox 1656 3065 1684 3088; x_wconf 84' lang='lat' dir='ltr'>ln</span> <span class='ocrx_word' id='word_1_496' title='bbox 1696 3064 1810 3096; x_wconf 74' lang='lat' dir='ltr'>Alpibus</span> <span class='ocrx_word' id='word_1_497' title='bbox 1821 3066 1938 3098; x_wconf 77' lang='lat' dir='ltr'>Apuanis</span> 
     </span>
    </p>
   </div>
  </div>
 </body>
</html>
