2530 3969
1415 494 1585 541 (230)

635 582 735 613 loidea
745 606 754 622 ,
770 594 852 614 nunc
865 583 885 614 4
898 585 1047 625 perigenii
1064 585 1178 615 foliolis
1188 585 1381 621 alternantia,
1398 595 1479 614 nunc
1494 587 1524 622 6,
1540 595 1673 625 quorum
1687 585 1706 615 4
1719 585 1870 625 perigonii
1892 583 2005 613 foliolis
2020 583 2173 612 alternant
2188 584 2207 611 2
2221 581 2332 611 foliolis
2343 583 2361 611 2

636 650 783 690 opposita.
799 649 906 680 smus
919 648 1130 687 brevissimus,
1142 661 1267 681 crassus.
1282 650 1391 679 Summi
1407 649 1752 688 capitato-discoideum,
1765 651 1881 679 fissum.
1896 649 1989 678 BAeci
2003 648 2148 687 elliptica,
2164 650 2181 677 6
2192 648 2245 678 lin.
2261 647 2359 687 longa,

636 715 655 745 3
669 714 724 744 lin.
737 714 808 752 lata,
819 715 967 754 pedieello
979 715 1064 745 nudo
1079 717 1162 755 apice
1175 716 1336 745 incrassato
1352 715 1506 753 imposita.

671 780 730 806 Ons.
745 781 841 805 Mirum
852 786 891 806 est
903 781 1018 806 Laurum
1032 782 1100 806 hanc
1112 782 1287 806 rarissimam.
1305 781 1334 805 L.
1350 780 1517 811 nobiliquz'zm
1530 779 1709 808 simiilimam,
1723 780 1791 820 irater
1802 779 1907 803 Per-sens
1920 777 1969 802 sub
1983 777 2143 809 Erioclaplme
2154 777 2169 801 ἐι
2183 776 2322 801 Seubertio
2334 777 2360 800 in

636 839 778 864 consilium
797 838 962 867 adhibitum,
979 839 1013 864 ob
1028 839 1173 871 specimina
1189 845 1292 868 manca,
1304 839 1423 870 posuisse
1439 845 1564 870 magnum
1578 837 1787 871 daphnologum.
1801 839 1818 862 Α
1830 839 1858 862 L.
1869 838 1944 862 nobili
1956 837 2125 869 proceritate,
2138 835 2262 860 soliorum
2272 835 2363 868 junio-

637 905 697 922 rum
715 898 800 922 sormi}
815 902 841 923 et
858 897 980 930 lanugine
995 898 1153 922 densissima
1166 914 1171 925 ,
1188 898 1334 921 staminum
1355 904 1464 922 numero
1476 917 1482 927 ‚
1493 897 1612 921 antheris
1626 897 1793 929 longioribus
1809 901 1888 929 atquc
1901 895 2066 921 acutioribus
2082 911 2088 923 ,
2104 893 2275 919 staminodiis
2290 893 2363 918 noris

637 957 744 982 feminei
763 956 921 989 petaloideis
935 961 960 980 et
976 955 1061 980 fructu
1077 955 1178 985 majore
1193 955 1374 987 distinguitur.
1387 955 1448 980 icon
1464 955 1636 980 seuberiiana
1650 956 1762 980 sormam
1778 961 1928 981 extremam
1946 954 2113 979 ovalifoliam
2128 953 2199 978 soliis
2210 953 2364 986 junioribus

640 1020 761 1041 onustam
774 1019 862 1040 nostra
874 1019 1019 1039 extremam
1034 1012 1210 1037 lanceolatam
1228 1012 1313 1042 offert,
1326 1017 1385 1037 sunt
1396 1018 1421 1037 et
1431 1012 1597 1038 intermediae
1610 1014 1756 1038 innumerae
1769 1018 1795 1038 ct
1808 1015 1835 1037 in
1851 1013 1946 1038 insulis
1961 1014 2058 1037 nostris
2076 1017 2102 1037 et
2121 1013 2147 1036 in
2161 1011 2362 1037 Maderensibns

638 1079 666 1100 ut
683 1075 709 1099 in
725 1075 790 1107 ipsis
802 1074 918 1098 Azoricis
932 1079 963 1096 ex
975 1070 1168 1104 speciminibus
1181 1071 1354 1096 Guthnickii!
1376 1071 1554 1095 Hochsteueri
1567 1070 1572 1095 i
1591 1075 1616 1095 et
1632 1072 1756 1096 Watsoni
1770 1071 1776 1095 Ξ

1211 1212 1504 1244 EXPLmATlo
1546 1212 1651 1243 TAB.
1694 1203 1789 1244 204.

692 1325 722 1347 1.
738 1314 864 1346 Ramus
879 1309 1022 1345 floribus
1036 1309 1192 1344 masculis
1211 1307 1322 1343 adhuc
1341 1307 1559 1342 involucratis
1576 1315 1733 1342 onustus.
1749 1320 1785 1342 2.
1802 1307 1899 1341 Romi
1914 1319 1991 1354 pars
2006 1319 2084 1342 cum
2101 1307 2213 1342 fructu
2223 1306 2361 1354 juniore

636 1386 746 1421 ambre
766 1387 817 1420 hae
837 1385 957 1433 figurae
975 1397 1065 1432 mag.
1082 1392 1151 1419 nat.
1169 1392 1300 1419 caeterae
1316 1391 1439 1431 praeter
1451 1381 1668 1417 undecimam
1683 1389 1802 1416 auetae.
1820 1380 1854 1416 3.
1873 1382 2015 1417 Florum
2029 1381 2308 1429 umbellajunior
2319 1380 2363 1415 ab

638 1461 801 1495 involucri
818 1460 968 1507 squamis
991 1458 1305 1507 prorumpentium.
1333 1458 1366 1502 4.
1389 1456 1559 1491 Involucri
1587 1468 1751 1503 squamae.
1779 1455 1813 1491 5.
1839 1456 1917 1491 Flos
1942 1455 2114 1491 masculus
2132 1463 2205 1490 arte
2229 1463 2367 1503 apertus

638 1535 805 1583 perigonii
824 1535 947 1569 foliolis
965 1532 985 1569 3
1004 1542 1039 1569 et
1056 1532 1258 1568 staminibus
1274 1545 1284 1567 1
1300 1545 1309 1566 1
1332 1531 1478 1566 succisis.
1497 1531 1532 1566 6.
1549 1533 1685 1565 Stamen
1705 1529 1866 1565 ordinum
1885 1542 1905 1564 2
1931 1530 2142 1565 exteriorum
2166 1529 2360 1563 anti-orsum

637 1610 758 1645 visum.
777 1622 808 1658 7.
825 1608 920 1643 Idem
936 1609 1046 1643 visum
1063 1610 1082 1642 ἐι
1101 1616 1212 1655 tergo.
1230 1607 1265 1642 ὃ.
1285 1608 1423 1641 Stamen
1448 1605 1608 1640 ordinum
1625 1603 1831 1639 interiorum
1849 1605 2045 1639 antrorsum
2064 1604 2187 1638 visum.
2209 1616 2245 1650 9.
2266 1602 2364 1637 Idem

638 1686 745 1720 visum
768 1686 786 1718 ὲι
804 1684 922 1720 dorso.
946 1695 999 1718 10.
1022 1683 1100 1718 Flos
1124 1683 1292 1717 femineus
1310 1680 1485 1716 androecio
1506 1680 1654 1725 4-mcro.
1680 1693 1692 1714 1
1706 1692 1734 1714 1.
1761 1681 1863 1714 Bacca
1891 1687 2024 1714 matura
2042 1678 2210 1726 pedicello
2226 1677 2362 1713 modice

635 1764 817 1795 incrassato
831 1758 925 1794 nudo
943 1758 1093 1794 insidens
1109 1770 1199 1804 mag.
1216 1764 1286 1791 nat.
