2530 3969
1355 463 1526 509 (250)

587 556 759 591 sessilibus
772 583 779 599 ,
794 555 921 603 glabris
934 583 943 600 ,
962 556 1137 590 floralibus
1155 552 1482 596 ovato-rotundatis,
1502 552 1696 599 apiculatis,
1722 549 1974 596 caducissimis3
1999 548 2163 583 involucri
2191 549 2301 583 brevis

590 630 887 678 subcyathiformis
915 630 1064 676 squamis
1089 627 1282 673 quadratis,
1307 625 1506 660 brevissime
1528 634 1563 660 et
1586 625 1709 660 obtuse
1733 624 1884 658 cornutis
1900 652 1907 665 ,
1931 624 2019 657 inter
2032 635 2160 657 cornua
2180 623 2246 657 late
2272 631 2307 657 et

591 706 712 740 obtuse
730 704 885 747 dentatis,
902 704 973 738 basi
994 704 1065 737 latis
1086 700 1296 743 rotundati53
1312 700 1405 733 floris
1427 700 1565 734 masculi
1583 699 1728 734 bracteis
1749 698 1821 732 latis
1834 698 1943 745 planis
1962 697 2032 732 fere
2050 698 2092 732 ad
2110 697 2204 731 basin
2222 697 2308 731 lace-

591 780 655 824 ris;
679 779 786 814 coccis
812 779 962 826 magnis,
981 776 1132 819 levibu53
1148 773 1335 808 seminibus
1359 773 1467 808 ovatis
1479 800 1488 816 ,
1505 774 1605 808 fuscis
1618 801 1627 816 ‚
1646 772 2004 808 luteo-scrobiculatis
2018 799 2026 815 ‚
2042 771 2224 818 epistomio
2245 771 2308 805 mi-

590 853 695 887 nimo.

630 925 806 964 Euphorbta
820 923 988 963 piscatoria.
1004 923 1084 950 Hom.
1102 922 1192 955 limem,
1209 920 1254 950 ed.
1269 922 1298 955 1,
1311 919 1363 948 vol.
1381 921 1411 956 2,
1425 930 1455 960 p.
1473 920 1540 949 137.

631 991 658 1019 F
661 991 767 1029 igueiro
781 990 815 1017 do
834 989 946 1026 [asez-no
959 985 1197 1014 B'Iaderensium.

640 1059 722 1090 ΗΑΒ.
741 1058 833 1090 Hanc
850 1056 998 1100 plantam
1026 1053 1057 1086 in
1082 1052 1146 1085 ins.
1161 1051 1425 1085 Canariensibus
1442 1051 1596 1097 nuspiam
1618 1050 1761 1097 legimus
1774 1078 1782 1093 ‚
1798 1063 1945 1097 quarum
1965 1059 2077 1084 tamen
2101 1050 2213 1083 civem
2239 1060 2311 1083 esse

595 1130 772 1178 probabile
791 1137 852 1168 cst,
872 1126 932 1160 nisi
949 1126 980 1159 in
1001 1128 1101 1159 Hort.
1120 1127 1217 1159 Kew.
1233 1125 1360 1159 celebr.
1377 1124 1543 1159 Solandet·
1555 1126 1701 1171 speciem
1718 1126 1908 1171 proximam
1924 1137 1987 1172 pro
2002 1124 2122 1158 effidem
2140 1122 2310 1157 habuerit.

595 1203 783 1250 Descripti0
799 1209 912 1235 nostra
935 1207 1069 1245 sumpta
1087 1207 1136 1232 cst
1150 1200 1168 1231 ὲ
1188 1198 1430 1245 speciminibus
1448 1199 1467 1232 ἐι
1485 1198 1584 1233 nobis
1602 1210 1692 1232 anno
1713 1199 1803 1234 1828
1825 1198 1857 1232 in
1878 1198 2014 1233 Madet-:⁴1
2033 1197 2140 1232 lectis.

870 1364 933 1404 13.
974 1359 1389 1404 EUPHORBIA
1428 1359 1638 1403 REGIS
1675 1359 1878 1404 JUBAE.
1920 1360 2042 1402 Non.

646 1488 685 1519 F.
702 1484 795 1519 caule
814 1483 1031 1524 fmtcscente,
1047 1481 1150 1515 ramis
1167 1481 1256 1526 saepe
1278 1480 1426 1514 robustis
1445 1480 1587 1524 foliosis,
1604 1481 1692 1514 soliis
1706 1480 1886 1527 elongatis,
1906 1479 2216 1526 lineari-oblongis,
2229 1479 2318 1525 saepe

597 1559 735 1607 amplis,
752 1558 927 1604 oblongo·
940 1556 1048 1590 ovatis
1063 1584 1070 1599 ‚
1087 1555 1220 1590 obtusis
1233 1556 1286 1589 vel
1308 1555 1568 1602 subapiculatis,
1584 1554 1741 1596 caducis3
1763 1556 1929 1590 involucri
1946 1555 2148 1603 longiusculi
2170 1552 2318 1588 tubulosi

598 1633 745 1681 squamis
769 1632 944 1678 quadratis
968 1631 1092 1665 lunatis
1103 1658 1111 1673 ,
1134 1629 1310 1664 cornubus
1330 1629 1550 1676 longiusculis
1572 1629 1856 1664 subfilisormibus
1882 1629 2035 1676 obtusis3
2059 1628 2153 1662 floris
2180 1627 2318 1662 masculi

598 1707 743 1742 bracteis
762 1706 998 1748 (informibus,
1021 1704 1112 1750 apice
1136 1703 1358 1750 penicillatim
1382 1702 1522 1749 laceris3
1547 1703 1656 1736 coccis
1671 1703 1802 1737 levibus
1816 1716 1825 1747 3
1841 1702 2028 1737 seminibus
2046 1703 2152 1736 oratis
2166 1729 2174 1745 ‚
2190 1702 2295 1746 nigris
2309 1729 2318 1745 ,

599 1780 915 1820 albo-marmoratis,
930 1778 1078 1821 levibus,
1094 1777 1275 1825 epistomio
1293 1788 1399 1822 parvo
1413 1777 1592 1811 coronatis.

639 1854 836 1895 Tithymalus
850 1851 1033 1882 dendroides
1049 1850 1177 1879 Liuuriae
1193 1848 1275 1878 foliis
1289 1859 1326 1878 ex
1340 1848 1439 1878 insula
1452 1849 1606 1880 Canarina.
1620 1850 1720 1887 Plutia,
1734 1851 1827 1887 Alm.‚
1839 1862 1867 1889 p.
1882 1851 1958 1885 369;
1976 1851 2079 1890 Phyt,
2094 1850 2149 1879 tab.
2165 1849 2272 1889 319,J‘.
2290 1849 2320 1885 5,

598 1922 736 1961 pessima.

640 1984 819 2025 Euphorbin
832 1983 1000 2022 piscatoria.
1016 1981 1089 2009 Link
1104 1982 1133 2010 in
1147 1980 1227 2009 Buch
1244 1982 1330 2017 Cam,
1345 1993 1373 2019 p.
1393 1982 1448 2009 158
1462 2004 1470 2018 ,
1482 1989 1506 2010 el
1522 1983 1616 2018 Buch,
1628 1993 1658 2022 p.
1679 1982 1743 2011 168.
1763 2000 1801 2004 -
1816 1983 1888 2011 Nob.
1908 1983 1937 2011 in
1955 1982 2057 2022 Geogr.
2076 1982 2128 2010 bot.
2146 1981 2266 2021 passim.
2283 1996 2322 2002 »-

601 2054 682 2082 Hert.
696 2052 778 2079 Kew.
795 2061 846 2087 pro
858 2048 958 2089 pat-te?

641 2115 818 2156 Euphorhia
834 2115 1043 2144 mauritanica.
1056 2113 1146 2150 Nob.,
1162 2113 1266 2142 Florul.
1287 2114 1460 2142 Lancerouae
1476 2113 1580 2152 Geogr.
1596 2113 1646 2143 bot.
1656 2136 1663 2149 ‚
1673 2124 1764 2153 pagg.
1783 2114 1834 2149 31,
1845 2113 1882 2141 32
1898 2120 1923 2141 el
1937 2113 1987 2149 33,
2001 2123 2063 2141 var.
2077 2119 2122 2141 est
2137 2111 2217 2142 foliis
2231 2112 2322 2141 flora-

604 2184 683 2213 libus
694 2182 781 2212 valde
792 2181 935 2211 dilatatis.

649 2247 781 2285 Tabayba
796 2246 897 2285 selvaje
911 2245 1150 2275 Nivariensitnn.
1163 2261 1203 2267 ·—-
1221 2244 1353 2280 Tabayba
1367 2255 1445 2272 mora
1458 2243 1696 2273 Canai-lensium.
1711 2261 1750 2266 —
1764 2245 1795 2272 H
1798 2244 1925 2283 c'gzcerz'lla
1936 2243 2144 2272 Palmensium
2160 2253 2195 2272 ex
2205 2242 2300 2271 Buch.

656 2316 740 2348 ΗΑΒ.
764 2313 873 2358 Hujus
901 2312 1013 2358 stirpis
1040 2311 1223 2358 specimina
1246 2311 1263 2342 ἐι
1287 2310 1472 2353 Tcnerifffi,
1494 2311 1657 2355 Canaria,
1673 2313 1877 2345 Lancerotta
1901 2318 1935 2344 et
1949 2311 2063 2344 Palma
2080 2310 2243 2344 traximus
2262 2322 2325 2344 nec

608 2389 806 2425 dubitamus
824 2387 904 2433 quin
925 2387 1006 2420 etin
1025 2385 1165 2431 reliquis
1185 2385 1297 2429 vigeat
1322 2384 1451 2418 insulis.
1475 2386 1513 2418 In
1531 2385 1644 2419 Palma
1664 2384 1749 2419 hanc
1770 2385 1922 2432 plantam
1941 2384 1984 2420 ad
2001 2384 2216 2419 altitudinem
2237 2395 2325 2419 1200

608 2463 685 2512 ped.
701 2474 804 2510 snper
816 2462 990 2495 Oceanum
1010 2460 1086 2494 loco
1101 2459 1139 2493 la
1154 2457 1338 2493 Lcwanda
1356 2457 1448 2493 dicto
1471 2458 1688 2493 scandentem
1702 2458 1786 2493 vidit
1801 2458 1844 2493 de
1860 2458 1967 2502 Buch,
1991 2458 2049 2493 sed
2075 2459 2189 2506 planta
2214 2467 2266 2493 est
2288 2467 2326 2494 ut

609 2537 793 2586 plurimum
813 2535 993 2570 maritima.

658 2614 816 2646 Dismm.
830 2622 958 2644 GEocn.
981 2609 1089 2655 Stirps
1103 2615 1204 2642 estex
1219 2615 1292 2641 toto
1312 2605 1536 2640 Canariensis.

643 2688 702 2711 Ons.
720 2687 780 2709 llaec
794 2685 895 2716 species
908 2684 922 2706 it
937 2682 1102 2715 praecedente
1120 2682 1235 2713 quacum
1253 2680 1361 2705 confusa
1382 2680 1429 2704 suit
1450 2680 1572 2712 plurimis
1590 2681 1659 2704 notis
1676 2681 1722 2705 sed
1746 2683 1877 2713 praecipue
1892 2681 2026 2714 glandulis
2041 2682 2117 2714 longe
2132 2680 2288 2705 anem-nibus
2301 2685 2326 2705 et

612 2745 759 2771 seminibus
775 2742 873 2767 dissert.
885 2743 986 2765 Nomen
1002 2742 1027 2764 in
1044 2741 1170 2764 honorem
1182 2740 1311 2772 principis
1324 2740 1422 2770 egregii
1438 2739 1559 2763 fecimus.
1572 2740 1726 2771 Euphorbia
1738 2741 1809 2764 enirn
1823 2741 1856 2765 ab
1870 2742 2012 2772 Euphorbo
2024 2740 2096 2765 dicta
2110 2741 2243 2765 archiatro
2259 2741 2328 2772 regis

614 2805 688 2829 Jubae
704 2804 749 2835 qui
762 2803 853 2826 Romae
871 2802 895 2824 in
915 2800 995 2824 domo
1011 2801 1144 2824 Caesarum
1157 2798 1222 2823 Julii
1235 2803 1313 2831 atque
1327 2799 1428 2822 Octavii
1444 2798 1554 2822 eductus
1566 2800 1752 2822 Mauritaniam
1767 2801 1916 2824 citeriorem
1932 2808 1976 2824 seu
1989 2801 2157 2832 Tingitanam
2169 2799 2202 2823 ab
2213 2800 2329 2831 Augusto

615 2871 662 2896 pro
674 2870 755 2894 regno
766 2862 837 2884 avito
856 2865 992 2892 acceperat
1006 2869 1012 2883 :
1028 2863 1085 2891 post
1101 2862 1215 2882 mortem
1234 2858 1303 2881 inter
1315 2856 1378 2881 deos
1393 2857 1521 2888 indigetes
1533 2856 1548 2879 a
1563 2857 1660 2880 Mauris
1673 2856 1771 2881 relatus
1786 2857 1844 2881 suit.
1858 2858 1935 2882 Plura
1950 2860 2032 2890 graece
2046 2859 2161 2890 scripsit.
2174 2857 2330 2890 Explorato-

617 2930 659 2947 res
679 2923 705 2945 in
726 2919 825 2944 insulas
844 2920 1003 2944 Fortunatas
1020 2922 1159 2950 poetarum
1180 2917 1235 2941 titm
1253 2917 1381 2948 temporis
1401 2915 1530 2947 figmentis
1542 2920 1568 2940 et
1580 2915 1750 2940 fabulositate
1769 2916 1908 2941 obvolutas
1925 2918 2008 2942 misit.
2026 2918 2170 2941 Numerum
2183 2934 2189 2944 ,
2203 2918 2310 2940 nomina
2322 2935 2328 2945 ,

619 2983 684 3005 situs
696 2979 831 3012 patefecit.
843 2979 913 3002 Inter
923 2977 976 3000 alia
988 2976 1026 3000 ibi
1037 2977 1095 3000 visa
1110 2975 1219 2999 arbores
1233 2974 1312 2998 fuisse
1324 2973 1413 2998 serulae
1425 2973 1526 2998 similes
1538 2981 1570 2997 ex
1583 2973 1681 3005 quibus
1690 2981 1758 3005 aqua
1773 2976 1946 3006 exprimatur,
1961 2984 1993 3000 ex
2004 2977 2096 3008 nigris,
2108 2983 2209 3003 amara,
2223 2983 2255 3000 ex
2270 2982 2331 2999 can-

618 3040 689 3065 didis
708 3039 782 3072 potui
801 3037 920 3070 jucunda
935 3040 961 3060 ut
975 3036 988 3060 :⁴1
1006 3035 1034 3059 C.
1047 3035 1134 3059 Plinio
1148 3033 1274 3059 docemur
1287 3034 1344 3064 (lib.
1355 3035 1380 3058 1.
1393 3041 1447 3065 cap.
1458 3034 1501 3065 57)
1512 3033 1671 3059 referebant.
1684 3035 1737 3059 Has
1749 3035 1847 3059 ferulas
1867 3036 2034 3068 Euphorbias
2046 3035 2134 3067 potins
2143 3052 2149 3063 ‚
2161 3038 2278 3058 nostram
2291 3034 2332 3057 ni-
