2530 3969
1017 509 1188 557 (345)

240 606 374 652 capsula
393 605 714 653 globoso-3-quetra
731 603 864 651 angulis
884 602 1005 645 acutis,
1027 601 1132 635 valvis
1146 600 1471 643 ovato-rotundatis,
1494 601 1663 648 perigonii
1684 601 1809 637 laciniis
1828 604 1968 640 interio—

243 679 337 713 ribus
352 679 580 714 brevioribus.

283 751 510 792 Ἀμπελόπρασον.
526 752 636 785 Diosc.¹
652 749 697 780 lib.
716 749 746 783 2,
763 758 826 787 cap.
843 748 910 776 179.

281 815 539 854 Sem-odoprasum
558 812 735 848 latifolium,
754 816 956 850 spontaneum
976 809 1114 840 italicum
1128 832 1135 846 ‚
1150 810 1276 840 floribus
1290 810 1389 840 diluti:
1410 812 1575 850 purpureis
1593 810 1737 841 odoratis.
1764 813 1854 843 mich.
1867 835 1877 850 ,
1894 816 1968 844 Νοικ

242 891 326 919 gen„
341 891 410 921 pag.
429 880 478 909 25.
496 879 550 908 tab.
569 877 619 913 24,
632 876 688 916 fig.
703 876 734 904 5.

283 942 398 973 Allium
412 941 676 981 Atnpeloprasum.
691 940 794 975 Lina„
806 940 862 980 Sp.
878 940 935 978 pL,
948 950 1018 981 pag.
1038 940 1097 970 423
1112 940 1187 970 excl.
1204 942 1302 981 patria
1316 941 1646 979 Britannici—Mona„
1662 943 1691 971 in
1706 943 1818 980 Gauri„
1829 945 1874 974 Fl.
1890 944 1974 982 lzelv„

245 1009 297 1038 vol.
314 1009 345 1044 2,
356 1019 428 1048 pag.
445 1007 514 1043 483,
528 1006 583 1036 tab.
602 1007 651 1042 11,
664 1004 717 1044 fig.
734 1006 765 1036 6.
776 1022 816 1028 -
830 1005 949 1042 Ber-tol„
964 1006 1010 1036 Fl.
1028 1006 1087 1034 ital.
1102 1006 1155 1037 vol.
1166 1005 1196 1043 4,
1210 1017 1281 1046 pag.
1296 1006 1334 1035 28
1350 1005 1423 1036 excl.
1440 1016 1506 1046 syn.
1518 1005 1671 1046 plurimis.
1686 1023 1726 1031 —
1743 1007 1846 1045 Guss„
1861 1010 1887 1038 F
1887 1009 1905 1040 l.
1922 1012 1971 1041 sic.

243 1084 320 1112 syn„
333 1073 384 1103 vol.
405 1074 433 1108 1,
445 1082 515 1112 pag.
529 1071 596 1100 391.
611 1088 651 1093 —
662 1071 768 1108 Boiss„
786 1071 862 1111 Vos.
880 1072 970 1111 Esp„
983 1071 1034 1102 vol.
1051 1072 1083 1106 2,
1096 1083 1166 1112 pag.
1186 1071 1245 1102 615
1260 1070 1335 1101 excl.
1353 1082 1420 1111 syn.
1436 1070 1521 1102 Desf.

292 1140 377 1172 ΗΑΒ.
398 1137 560 1183 Legimus
579 1136 664 1171 hanc
680 1137 832 1185 plantam
852 1138 885 1172 in
907 1138 1013 1172 vineis
1032 1137 1212 1172 Tenerifsae
1229 1144 1265 1172 et
1284 1136 1439 1171 Canariae
1457 1136 1516 1171 ubi
1534 1137 1684 1185 copiosa.

294 1215 448 1248 DisTnm.
466 1224 596 1248 omer..
613 1213 772 1261 Vulgaris
792 1221 843 1248 est
865 1213 937 1248 haec
956 1214 1084 1262 species
1101 1225 1162 1261 per
1181 1220 1288 1248 totam
1309 1212 1485 1260 regionem
1505 1213 1607 1248 maris
1627 1214 1869 1251 Mediterranei
1891 1224 1924 1251 et
1944 1217 1976 1251 in

244 1286 354 1321 Gallia
373 1285 571 1320 occidentali
593 1289 700 1334 prope
717 1287 934 1335 Burdigalam
948 1315 956 1330 ‚
974 1287 1060 1333 (Des
1075 1286 1226 1321 Moulins
1241 1286 1274 1320 in
1291 1285 1390 1320 herb.
1408 1287 1497 1334 Gay!
1512 1288 1536 1332 ).

277 1360 337 1385 Ons.
351 1360 371 1384 A
383 1359 544 1393 multiflorum
556 1360 627 1385 Dess.
643 1361 695 1386 hile
706 1361 720 1385 a
731 1361 766 1387 cl.
777 1362 860 1387 Boiss.
875 1363 1043 1389 accersitum,
1058 1360 1111 1385 alia
1125 1365 1165 1385 est
1177 1368 1208 1385 ac
1219 1360 1323 1385 diversa
1335 1361 1446 1393 species.
1458 1359 1551 1385 niffen
1564 1360 1635 1386 soliis
1649 1363 1849 1395 angustioribus
1861 1367 1980 1398 margins·

245 1420 289 1443 vix
307 1418 494 1446 denticulatis,
511 1418 629 1444 umbella
648 1419 766 1448 laxiore,
782 1419 941 1452 pedunculis
954 1419 1113 1452 gracillimis
1128 1423 1153 1443 et
1172 1418 1337 1451 longioribus
1357 1418 1473 1443 bracteis
1491 1419 1690 1451 angustioribus
1704 1421 1824 1454 stipatis,
1843 1425 1981 1456 pei-igonis>

245 1476 615 1509 cylindraceo-campanulato
627 1477 706 1509 supra
719 1477 855 1510 capsulam
871 1477 952 1510 duplo
966 1478 1018 1503 sere
1031 1478 1183 1502 breviorem
1197 1477 1305 1502 demum
1321 1478 1472 1506 consu-icio,
1489 1477 1597 1502 laciniis
1610 1478 1885 1512 lineari-lanceolaiis‚
1899 1481 1980 1506 dorso

247 1535 341 1559 leviter
351 1539 376 1559 et
388 1535 554 1567 marginibus
566 1535 714 1568 papillosis,
730 1536 890 1560 staminibus
902 1536 978 1569 longe
991 1537 1113 1563 exsertis.
1128 1537 1285 1560 interiorum
1298 1536 1395 1561 lacinia
1409 1536 1568 1561 intermedia
1582 1538 1744 1563 anthei-isera
1757 1539 1893 1564 iil-amento
1906 1548 1978 1565 com—

247 1594 320 1618 muni
337 1593 452 1626 oblongo
466 1593 589 1626 elongato
605 1593 686 1626 duplo
701 1593 836 1619 breviore.
855 1594 887 1618 Ut
901 1595 1001 1627 optime
1017 1598 1107 1619 monet
1121 1595 1296 1619 Fontanesius
1312 1596 1341 1618 A.
1359 1594 1584 1626 sphoerocephalum
1599 1596 1666 1621 facie
1682 1597 1772 1622 refert.

297 1759 333 1783 2.
358 1747 822 1785 CODONOPRASUM.
840 1769 888 1776 —·
904 1749 1060 1784 Pedicelli
1082 1749 1285 1797 inaequale5‚
1305 1749 1446 1784 floriferi
1470 1749 1622 1797 penduli.
1647 1751 1868 1798 Perigonium
1891 1764 1983 1786 cam-

253 1821 632 1869 panulato-connivens.
649 1824 799 1858 Stamina
818 1823 932 1857 omnia
950 1823 1132 1871 simplicia,
1152 1822 1224 1857 basi
1241 1823 1274 1857 in
1297 1823 1419 1857 tubum
1437 1823 1619 1871 perigenio
1635 1823 1797 1859 adnatum
1817 1836 1982 1864 connexa,

251 1895 406 1942 margine
425 1895 498 1930 tubi
515 1896 604 1930 inter
624 1896 766 1930 stamina
781 1895 922 1930 dentato
941 1896 992 1930 vel
1009 1896 1186 1931 edentulo.

610 2048 648 2088 6.
685 2044 954 2088 ALLIUM
989 2044 1468 2090 DENTIFERUM.
1509 2046 1632 2089 Non.

304 2165 348 2200 A.
366 2177 469 2213 scapo
487 2165 605 2201 striato
623 2165 665 2200 ad
683 2164 835 2201 medium
857 2165 995 2209 folioso,
1018 2165 1107 2201 foliis
1130 2166 1266 2211 crassis,
1283 2169 1427 2214 anguste
1445 2167 1647 2212 linearibus;
1663 2166 1782 2215 spatha
1800 2167 1872 2203 basi
1890 2172 1988 2203 ovata

253 2238 306 2273 vel
321 2238 524 2282 lanceolata,
541 2240 639 2273 extus
651 2237 874 2288 3-7-costata,
890 2239 1038 2286 abrupte
1055 2239 1088 2273 in
1107 2239 1329 2287 appendicem
1355 2240 1516 2275 linearem
1539 2240 1643 2276 flores
1660 2241 1883 2276 excedentem
1903 2254 1985 2290 pro-

251 2312 353 2348 ducta
367 2325 376 2358 3
391 2312 542 2348 umbella
562 2313 759 2356 laxiuscula,
779 2313 976 2360 capsulifera
993 2314 1094 2356 (raro
1109 2312 1315 2361 bulbifcra);
1332 2314 1499 2361 perigonii
1517 2314 1644 2349 laciniis
1659 2315 1887 2350 exterioribus
1905 2328 1986 2351 con-

253 2387 523 2428 cavo-carinatis,
538 2387 603 2422 late
616 2387 725 2421 oratis
735 2386 830 2434 apice
844 2386 979 2421 muticis
993 2387 1045 2421 vel
1060 2399 1139 2422 cum
1154 2387 1358 2423 muci-onulo
1377 2388 1753 2433 truncato-rotundatis,
1768 2390 1988 2426 interioribus

255 2460 433 2496 latioribus
445 2474 454 2506 ;
467 2460 651 2496 filamentis
664 2462 789 2496 sensim
804 2461 1017 2505 acuminatis,
1033 2461 1117 2496 tubo
1132 2461 1312 2509 perigonio
1327 2470 1476 2497 connato
1490 2463 1636 2508 insertis,
1652 2463 1726 2498 tubi
1741 2464 1885 2499 sinubus
1900 2465 1989 2499 inter

255 2534 428 2569 filamenta
445 2534 548 2570 dente
566 2543 668 2570 acuto
682 2534 826 2582 simplici
846 2534 897 2568 vel
917 2534 1162 2570 bidenticulato
1185 2536 1378 2581 instructis,
1395 2536 1545 2571 antheris
1565 2537 1586 2572 3
1609 2539 1768 2582 exsertis,
1784 2537 1806 2572 3
1827 2539 1985 2583 inclusis;

256 2609 373 2643 ovario
395 2608 531 2655 juniore
557 2607 970 2656 prismatico-hexagono,
990 2608 1023 2642 in
1042 2609 1172 2643 collum
1197 2608 1414 2644 3-dentatum
1435 2611 1530 2658 apice
1553 2619 1744 2660 coarctat03
1759 2613 1851 2660 stylo
1874 2613 1987 2657 brevi,

257 2684 399 2719 demum
415 2691 560 2727 exserto,
582 2683 740 2731 stigmate
757 2691 870 2728 ovato,
888 2683 1049 2732 capitato.

298 2754 411 2785 Allium
432 2754 727 2795 monspessulanum.
751 2756 799 2786 W
801 2755 876 2791 illd..
893 2757 999 2787 Enum.
1022 2756 1090 2786 hort.
1111 2757 1167 2787 ber.
1186 2758 1282 2798 suppl.
1296 2780 1305 2796 ‚
1320 2769 1392 2799 pag.
1409 2759 1448 2790 16
1462 2769 1523 2789 non
1540 2759 1660 2790 Gouan.
1677 2777 1716 2783 —-
1734 2760 1845 2798 Kuntlz,
1862 2761 1968 2791 Εηιιηι.
1981 2784 1988 2797 ,

259 2821 309 2851 vol.
326 2820 357 2858 4,
368 2832 438 2862 pag.
452 2821 521 2852 [104.

299 2886 414 2916 Allium
427 2886 655 2917 intermedium.
670 2885 751 2922 DC..
765 2886 813 2916 Fl.
821 2886 885 2926 fin,
901 2886 952 2917 vol.
970 2887 1001 2924 6,
1012 2897 1084 2927 pag.
1101 2887 1159 2917 318
1172 2897 1209 2918 ex
1223 2895 1318 2928 parte.

300 2951 548 2992 Codonoprasum
562 2952 689 2992 pallens.
700 2952 830 2990 Reichb„
845 2953 891 2983 Fl.
905 2964 997 2993 germ.
1010 2954 1126 2990 exsica,
1139 2965 1217 2984 num.
1233 2955 1331 2985 1217!

302 3017 418 3048 Allium
433 3017 617 3050 oleraceum.
631 3019 692 3068 Des
705 3018 795 3048 Moul.
807 3019 820 3048 I
837 3019 900 3049 Cat.
918 3018 1022 3056 Dord„
1035 3030 1104 3059 pag.
1125 3019 1183 3049 142
1197 3029 1233 3050 ex
1246 3028 1344 3060 parte.

314 3086 398 3119 ΗΑΒ.
416 3085 608 3133 Specimina
623 3085 724 3132 hujus
738 3086 863 3133 plantae
878 3098 918 3120 ex
936 3086 1025 3121 arvis
1039 3087 1102 3121 ins.
1119 3088 1275 3124 Canai-ize
1290 3089 1478 3133 attulimus,
1499 3088 1562 3123 alia
1577 3101 1617 3123 cx
1637 3088 1759 3124 eadem
1775 3088 1883 3123 insula
1904 3089 1993 3124 misit

426 3168 472 3189 111.
484 3175 523 3181 —
534 3158 577 3198 (3e
599 3160 692 3198 sacr.)
1798 3163 1836 3192 Ιώ
