2530 3969
1059 545 1228 590 (331)

281 649 351 676 pag.
370 638 418 667 81.
433 656 470 660 ——
487 642 602 672 Berens,
618 639 709 674 Diss„
722 638 741 667 l.
754 647 872 675 c.‚pag.
889 635 936 664 34.
953 652 991 656 -—
1005 635 1125 670 Humb„
1143 634 1264 663 Ansicht
1277 634 1326 663 der
1340 636 1424 670 Nan,
1440 646 1509 674 pag.
1525 636 1596 670 286,
1610 637 1689 665 carel.
1704 645 1763 674 pat.
1781 638 1844 668 lad.
1858 657 1896 662 —
1907 642 2003 678 Mem,

283 703 323 731 N.
340 704 380 730 A.
394 705 449 732 Ac.
468 703 539 732 Cws.
560 703 644 739 Leop.
661 703 791 736 «θανῇ,
809 701 881 728 Nat.
907 701 988 734 Cura,
1006 701 1055 728 vol.
1080 700 1125 735 13,
1140 711 1209 738 pars
1226 701 1256 736 2,
1273 712 1343 740 pag.
1364 701 1434 735 775,
1452 713 1487 729 (rr
1503 701 1537 730 cl.
1560 708 1632 738 patr.
1654 701 1718 728 Iud.
1732 718 1772 723 -—
1790 703 1900 739 Berdz„
1919 706 1998 742 ibid„

280 778 350 807 pag.
369 768 438 803 777,
455 768 507 796 lah.
523 768 602 797 35-9,
616 783 654 788 -·
664 766 755 800 ΒιιεΙι,
770 766 882 793 Beseler.
892 787 900 801 ,
915 766 988 795 Cau.
1004 766 1158 805 Ius.‚pag.
1174 764 1240 793 162.
1253 782 1291 786 ·—
1302 765 1388 799 Nolu,
1403 765 1500 803 Atlas,
1514 776 1569 793 ser.
1584 766 1613 799 2,
1627 765 1682 793 lab.
1696 765 1789 804 8‚fig.
1802 768 1819 794 2
1829 775 1854 795 et
1867 768 1895 801 4,
1912 780 1959 797 ver.
1971 772 2000 806 3,

283 831 335 859 [ab.
354 832 382 859 8.
399 849 439 853 —
458 831 565 866 Gaml.‚
580 831 656 867 Vny.
670 829 703 856 cle
715 829 742 856 la
753 828 904 863 B012.‚1al1.
923 831 949 858 1.

332 899 416 930 Hm.
435 896 541 942 Stirps
558 896 628 928 haec
647 893 807 928 notabilis
826 895 1018 928 communis
1036 903 1106 929 erat
1125 896 1207 930 olim
1229 897 1260 930 in
1280 896 1435 940 Canaria,
1453 896 1640 939 'sonorissin
1658 898 1810 930 Comei-51
1826 905 1860 930 et
1873 898 2004 943 Palina3

282 977 435 1017 superest
455 969 624 1003 notissima
645 968 747 1002 arbos
765 969 982 1002 Orotavensis
997 969 1065 1016 jam
1086 982 1162 1004 saec.
1186 972 1250 1005 XV
1271 983 1410 1018 procera
1430 978 1464 1004 et
1483 971 1513 1003 in
1542 978 1710 1004 terrarum
1735 971 1916 1018 partitione
1943 984 2003 1018 pro

284 1046 373 1077 meta
398 1051 432 1078 et
460 1043 605 1076 termino
629 1041 756 1076 habita.
782 1044 819 1076 In
844 1044 969 1076 Palmae
995 1043 1182 1079 declivibus
1210 1045 1284 1079 Las
1313 1044 1458 1079 Βνεῆης
1484 1044 1580 1079 dietis
1603 1052 1636 1077 et
1660 1044 1701 1079 ad
1730 1045 1856 1079 radices
1882 1046 2006 1079 montis

281 1117 430 1151 Sumacal
446 1117 650 1159 communis,
668 1117 725 1151 sed
740 1116 894 1163 juniores
911 1130 1008 1161 raras,
1028 1128 1224 1154 nascentem
1239 1119 1455 1167 etjuniorem
1472 1120 1503 1152 iu
1520 1118 1695 1153 Teneriffa
1713 1122 1844 1153 tantum
1862 1120 2006 1154 vidimus

282 1191 339 1224 ubi
358 1203 419 1224 nec
437 1190 592 1225 homines
609 1191 811 1238 perveniunt
827 1204 889 1225 nec
907 1205 1040 1239 pecora,
1056 1193 1088 1227 in
1107 1196 1227 1240 magna
1247 1207 1293 1228 se.
1311 1193 1463 1228 convalle
1483 1194 1606 1228 Averni
1626 1193 1704 1238 (dcl
1719 1194 1903 1240 Jnsterno)
1921 1202 1954 1228 et
1974 1195 2005 1228 in

279 1264 422 1311 rupibus
444 1264 589 1310 geminis
613 1264 684 1312 (los
715 1264 780 1299 clos
806 1266 950 1312 Riscos)
973 1266 1136 1301 convallis
1156 1269 1347 1314 Tagananae
1368 1266 1455 1312 (vid.
1480 1268 1575 1312 Atl„
1595 1281 1666 1302 ser.
1691 1281 1726 1312 2,
1747 1267 1822 1302 tal).
1845 1269 1881 1312 8,
1893 1268 1966 1315 fig.
1988 1281 2004 1302 2

279 1347 313 1373 et
327 1339 376 1385 4).
397 1340 549 1374 Occurrit
563 1353 581 1373 a
598 1340 735 1386 regione
753 1340 920 1374 maritima
939 1353 1046 1387 usque
1063 1340 1106 1375 ad
1124 1353 1245 1375 zonam
1268 1342 1452 1389 sylvarum.
1472 1345 1583 1390 Prope
1602 1344 1772 1390 Ignesteni
1793 1343 2006 1377 altitudinem

285 1412 372 1448 1500
390 1414 469 1461 ped.
487 1414 623 1460 attingit
638 1426 677 1447 ex
697 1414 739 1448 el.
761 1413 803 1448 de
821 1414 915 1448 Buch
937 1414 959 1449 l.
977 1428 1007 1448 c.

328 1489 449 1522 DisTr..
469 1499 595 1522 GEOGR.
622 1491 734 1522 Decus
753 1495 804 1522 est
824 1487 895 1522 haec
911 1488 1015 1522 arbor
1033 1496 1137 1534 atque
1158 1497 1400 1522 ornamentum
1420 1489 1567 1534 regionis
1587 1497 1711 1523 nostrae
1728 1491 2007 1525 Macaronesiacae

278 1569 314 1595 ut
334 1561 450 1605 Libyae
467 1562 531 1596 sul)
551 1574 672 1596 cancro
686 1562 825 1596 Baobab
842 1570 944 1608 atque
960 1562 1065 1596 India:
1080 1562 1189 1609 gloria
1204 1563 1358 1609 ingentes
1372 1562 1438 1596 fici.
1456 1563 1616 1596 Stationis
1629 1562 1766 1609 hujusce
1778 1576 1847 1598 suae
1862 1565 2009 1611 propria:

277 1636 461 1670 verissuma
475 1643 536 1678 est,
551 1636 655 1682 siqua
669 1636 744 1680 alia,
757 1636 846 1670 cives
856 1644 960 1682 atque
973 1637 1135 1682 αὐτόχθων,
1153 1648 1216 1670 nec
1227 1635 1270 1669 ab
1287 1636 1359 1670 Asia
1376 1644 1412 1670 ut
1426 1636 1631 1681 quibusdam
1649 1637 1773 1683 placuit
1784 1645 1909 1671 evecta.
1927 1639 2008 1672 Vul-

278 1712 367 1758 garis
381 1724 453 1745 erat
472 1712 504 1745 in
526 1712 640 1745 insulis
661 1711 798 1745 Madera
815 1719 847 1745 et
864 1714 970 1745 Portu
985 1713 1107 1745 Sancto
1123 1711 1236 1745 vacuis
1252 1723 1291 1744 ex
1310 1711 1403 1744 omni
1422 1723 1495 1744 {evo
1514 1718 1547 1745 et
1563 1710 1706 1746 desertis
1724 1714 1801 1746 cum
1818 1713 1859 1748 ad
1874 1727 1928 1747 eas
1942 1715 2007 1761 pri—

281 1786 375 1819 mum
389 1785 593 1832 appulerunt
611 1786 759 1820 Lusitani
777 1785 956 1831 (1).Nunc
971 1793 1086 1819 autem
1103 1785 1135 1819 in
1151 1785 1290 1819 Madera
1305 1797 1420 1832 paucae
1433 1793 1548 1819 extant
1562 1793 1594 1818 et
1612 1786 1642 1819 in
1661 1788 1765 1820 Portu
1782 1788 1904 1822 Sancto
1920 1800 2008 1822 anno

286 1860 375 1894 1828
391 1861 522 1894 unicam
539 1861 757 1906 superstitem
776 1860 932 1894 vidimus.
949 1861 1034 1894 Sunt
1046 1868 1078 1893 et
1092 1859 1241 1894 arbustis
1257 1860 1335 1901 fata,
1354 1871 1396 1892 ne
1417 1867 1557 1906 pereant
1573 1860 1631 1905 qui
1649 1861 1775 1905 possint
1792 1870 1942 1895 caveant.

314 1933 374 1956 Ons.
390 1932 481 1956 Sextili
499 1940 588 1956 mense
601 1932 723 1956 floridam
739 1934 891 1957 Dracaenam
905 1936 986 1965 prope
1001 1934 1164 1966 Olisiponem
1178 1933 1245 1957 vidit
1260 1932 1415 1957 Vandellius
1427 1933 1494 1964 (Diss
1511 1950 1515 1958 .
1531 1933 1637 1964 pagfl),
1651 1932 1684 1955 ad
1700 1933 1764 1957 lines
1778 1934 1898 1965 ejusdem
1912 1943 2009 1959 mensis

282 1991 316 2014 cl.
330 1990 503 2014 Bertlielotius
516 1990 544 2022 (l.
561 1998 595 2017 c.,
610 1998 671 2022 pag.
689 1992 747 2022 778)
760 1992 857 2015 mirum
871 1992 931 2023 ergo
944 1993 1089 2023 specimina
1105 1992 1197 2016 florida
1210 1997 1234 2015 et
1247 1992 1331 2016 sructu
1341 1991 1448 2024 juniore
1462 1990 1573 2022 praedita
1586 1999 1675 2015 mense
1687 1992 1824 2019 Januario,
1839 1993 1912 2017 tarde
1925 1993 2009 2018 forsan

281 2048 438 2080 prodeuntia
454 2049 488 2072 ob
502 2048 669 2072 altitudinem
686 2051 767 2081 prope
782 2050 869 2074 Sancti
884 2051 1001 2081 Dionysii
1016 2050 1168 2074 ecenobium
1181 2049 1274 2081 legisse
1287 2051 1471 2080 Bourgeaeum.

315 2108 368 2131 Sub
382 2109 471 2131 :estivo
485 2108 571 2132 calore
585 2107 696 2131 exsudat
709 2109 794 2132 resina
806 2116 864 2140 qua*
878 2109 1031 2133 auctoribus
1044 2109 1194 2133 recentibus
1208 2109 1334 2133 Draconis
1348 2109 1396 2132 suit
1411 2108 1517 2139 sanguis
1532 2114 1643 2139 qumque
1658 2112 1718 2131 nota
1735 2113 1790 2132 erat
1804 2109 1910 2134 Gaetulis
1925 2111 2007 2135 Cana-

282 2167 424 2191 riensibus.
440 2168 499 2190 Jam
515 2168 585 2190 enim
599 2167 792 2191 Bethencourtii
808 2175 863 2191 :nvo
878 2176 938 2192 cun]
953 2168 1040 2191 hamis
1052 2172 1077 2191 et
1088 2169 1183 2192 serutis
1198 2168 1253 2191 vim
1265 2167 1321 2199 ejus
1337 2168 1481 2198 ingentem,
1493 2173 1552 2197 qum
1565 2166 1689 2190 denarios
1701 2167 1750 2191 200
1760 2167 1880 2199 duplices
1892 2170 2008 2195 valebat.

282 2227 476 2249 commutarunt
493 2226 579 2255 (Bont.
594 2229 619 2248 et
635 2225 668 2249 Le
684 2226 769 2252 Verr„
780 2226 797 2249 1.
811 2233 844 2255 c.,
862 2233 922 2257 pag.
936 2227 990 2256 73).
1005 2226 1069 2249 Huic
1083 2227 1176 2249 resinae
1189 2225 1292 2249 noviter
1309 2226 1333 2247 in
1347 2225 1480 2255 Europam
1497 2224 1583 2247 aliaue
1602 2231 1697 2248 nomen
1718 2230 1791 2249 vetus
1810 2227 1935 2251 Draconis
1952 2235 2014 2252 san>

282 2284 378 2315 guinis,
393 2285 437 2315 qui
459 2284 611 2307 cinnabaris
631 2284 807 2312 Dioscoridis,
824 2285 857 2308 ab
875 2285 957 2315 India,
978 2289 1004 2308 ut
1021 2284 1161 2316 probabile
1178 2287 1234 2312 est,
1248 2283 1320 2306 missi
1338 2286 1362 2306 et
1379 2282 1412 2305 ab
1431 2283 1487 2314 ipso
1498 2290 1550 2314 quo
1562 2291 1631 2307 nune
1646 2285 1800 2308 Plerococco
1819 2285 1906 2309 educti
1921 2286 2008 2315 (conl'.

284 2342 364 2369 Plin.‚
379 2342 427 2366 lib.
441 2344 483 2369 35,
499 2350 558 2373 cap.
573 2342 622 2372 58)
637 2342 850 2374 pharmacopolae
865 2342 1028 2366 indiderunt.
1048 2343 1113 2366 ilinc
1129 2342 1204 2374 stirpi
1217 2342 1369 2365 Canariensi
1384 2349 1530 2373 cognomen
1546 2343 1682 2366 inventum
1695 2344 1772 2367 Draco
1782 2344 1855 2367 arbor
1866 2352 2013 2376 magnaque

284 2405 339 2424 orta
355 2406 379 2424 et
394 2401 421 2424 in
435 2405 522 2424 nostra
537 2407 618 2431 usque
635 2404 752 2431 tempora
766 2404 904 2431 prorogata
920 2399 1073 2423 allucinatio
1086 2399 1190 2423 Indiam
1206 2400 1320 2430 patriam
1335 2398 1413 2422 fuisse
1426 2399 1504 2431 hujus
1521 2399 1624 2423 arboris
1640 2401 1827 2432 primigeniam
1842 2402 2008 2427 novercalem

285 2459 504 2485 Maearonesiam,
521 2458 591 2482 unde
606 2462 723 2482 errantes
740 2457 773 2482 de
789 2459 890 2489 origine
905 2464 929 2482 et
947 2457 1185 2483 consuetudinibus
1200 2458 1286 2490 gentis
1303 2458 1473 2481 Canariensis
1490 2462 1574 2482 enatae
1591 2458 1736 2489 opiniones.
1757 2459 1852 2483 Resina
1868 2461 1924 2491 ipsa
1942 2468 2009 2484 nunc

285 2518 386 2543 exoleta
400 2527 447 2543 nee
461 2520 486 2542 in
500 2520 631 2550 Europam
644 2522 791 2550 exportata,
805 2526 852 2542 nee
863 2519 977 2550 pretium
988 2519 1014 2541 in
1028 2519 1177 2543 Fortunatis
1188 2518 1278 2546 habet,
1292 2518 1337 2542 ubi
1352 2518 1386 2543 ad
1399 2518 1490 2550 lupata
1502 2519 1604 2542 tantum
1616 2518 1739 2550 lingenda
1755 2520 1873 2544 inservit.
1887 2520 1926 2544 Ad
1943 2522 2009 2545 vitra

285 2577 427 2602 celeranda
444 2582 562 2610 tempore
577 2585 623 2602 suo
637 2578 662 2600 in
677 2585 723 2601 usu
737 2577 817 2602 fuisse
829 2577 934 2609 scripsit
948 2576 1148 2602 Parkinsonius.

321 2714 356 2746 (1)
368 2714 428 2738 vid.
445 2714 482 2738 les
494 2715 653 2745 Nariqations
664 2713 697 2738 de
710 2720 807 2738 messer
822 2714 918 2745 Alouys
931 2713 964 2737 de
974 2713 1141 2741 Cademoste,
1153 2713 1347 2745 gentilhomme
1360 2714 1486 2743 vetiitien,
1501 2727 1534 2731 —
1545 2713 1579 2738 de
1590 2714 1731 2746 I’Asrique,
1744 2719 1808 2746 etc.,
1821 2714 1890 2739 trad.
1901 2714 1934 2739 de
1943 2716 2007 2739 Jean

286 2760 426 2792 Temporal
440 2761 534 2791 (Paris,
550 2761 704 2791 reimprime
719 2760 792 2785 aeut,
807 2759 891 2791 1850).

322 2818 331 2827 ι
345 2805 441 2838 Lequel
457 2806 582 2837 (l’insant)
597 2805 685 2829 donna
695 2805 866 2829 commission
881 2805 896 2828 a
911 2811 953 2829 ces
965 2804 1070 2829 deux-ci
1085 2804 1228 2829 d'aborder
1238 2811 1285 2828 nos
1296 2805 1398 2836 galeres
1409 2812 1473 2829 avec
1485 2812 1602 2830 aueunes
1613 2809 1731 2829 montres
1741 2805 1774 2830 de
1785 2813 1860 2830 sucre
1869 2805 1966 2831 del’ile
1977 2806 2009 2830 de

291 2863 299 2872 ι
311 2851 424 2881 Madere,
438 2852 471 2876 de
487 2850 720 2883 Sang-de—Dragon
734 2855 758 2875 et
770 2856 857 2875 autres
868 2852 962 2875 choses
975 2853 1053 2875 tirees
1065 2850 1112 2875 des
1124 2851 1197 2875 lieux
1212 2855 1237 2874 et
1248 2851 1297 2875 iles
1310 2851 1356 2882 qui
1369 2852 1469 2874 etaient
1481 2858 1542 2874 sous
1555 2850 1578 2874 la
1593 2851 1731 2882 puissance
1745 2851 1778 2876 de
1793 2859 1823 2876 ce
1834 2853 1965 2884 seigneur.
1976 2853 2009 2878 Ce

292 2908 300 2918 ι
312 2899 357 2929 qui
372 2897 409 2921 sut
424 2899 520 2929 expose
533 2897 546 2920 ἐι
563 2897 587 2920 ia
600 2904 649 2920 vue
663 2896 696 2920 de
709 2897 839 2928 plusieurs
853 2904 995 2928 personnes
1010 2904 1041 2920 en
1056 2905 1098 2921 ma
1112 2899 1247 2928 presence.

324 2954 334 2964 ι
346 2944 384 2967 On
397 2951 412 2975 y
427 2948 518 2967 trouve
531 2944 556 2974 (ἱι
568 2944 645 2967 Ροι·ιο
657 2943 748 2973 Santo)
762 2944 797 2966 du
813 2950 875 2975 sang
891 2943 924 2967 de
939 2943 1038 2975 dragon
1054 2944 1098 2975 qui
1117 2944 1240 2975 provient
1257 2942 1386 2967 d'aucuns
1403 2942 1495 2967 arbres
1506 2962 1512 2972 ,
1528 2943 1591 2967 e'est
1609 2944 1623 2967 a
1643 2943 1729 2967 savoir
1743 2950 1793 2966 une
1810 2950 1917 2975 gemme
1931 2945 2011 2976 qu'ils

293 2999 302 3009 n
313 2990 406 3021 jettent
419 2996 449 3012 en
464 2989 577 3012 certains
594 2993 678 3020 temps
693 2988 726 3011 de
740 2987 807 3015 l'an,
824 2988 938 3019 laquelle
955 2996 988 3012 on
1002 2989 1083 3017 recoit
1099 2996 1130 3013 en
1146 2993 1213 3013 cette
1228 2990 1346 3013 inaniore
1362 2996 1368 3011 ε
1384 2996 1417 3012 on
1430 2987 1517 3012 donne
1535 2989 1663 3020 quelques
1680 2996 1760 3020 coups
1776 2988 1808 3012 de
1827 2989 1912 3013 bache
1929 2997 1961 3013 ou
1980 2990 2013 3014 de

292 3045 302 3055 n
313 3036 409 3066 eognee
423 3041 456 3058 au
470 3034 531 3066 pied
545 3034 577 3058 de
593 3034 702 3065 l'arbre,
716 3041 764 3066 par
778 3035 811 3058 οὺ
821 3052 828 3065 ,
840 3042 872 3058 au
887 3034 951 3058 bout
967 3035 999 3058 de
1012 3034 1126 3066 quelque
1141 3039 1226 3066 temps
1238 3033 1271 3058 de
1284 3034 1389 3058 l'annee
1400 3051 1406 3061 ,
1423 3038 1491 3058 cette
1507 3042 1613 3066 gemme
1630 3034 1739 3064 disfille,
1755 3035 1813 3066 puis
1827 3042 1859 3057 on
1874 3034 1899 3058 la
1912 3036 1982 3059 vient
1998 3036 2011 3059 a

294 3091 303 3100 »
316 3087 418 3112 purger,
435 3088 466 3104 en
479 3081 540 3112 quoi
555 3080 649 3104 faisant
662 3079 712 3104 elle
726 3080 831 3104 devient
845 3079 879 3103 du
893 3088 966 3112 sang.
981 3081 1014 3104 Ce
1032 3082 1118 3104 meme
1133 3081 1211 3105 arbre
1226 3079 1333 3112 produit
1346 3088 1378 3104 un
1391 3081 1490 3104 certain
1506 3081 1567 3104 fruit
1581 3082 1626 3112 qui
1638 3081 1709 3104 vient
1721 3088 1752 3104 en
1765 3080 1889 3104 maturite
1900 3088 1933 3104 au
1944 3081 2010 3105 mois

293 3136 302 3147 υ
317 3126 350 3150 de
363 3134 448 3154 mars;
463 3126 479 3150 il
494 3131 531 3150 est
543 3126 577 3150 de
591 3125 699 3150 couleur
709 3126 790 3158 jaune
803 3131 827 3150 et
841 3126 958 3150 tres-hon
971 3126 984 3150 a
998 3134 1115 3158 manger,
1131 3131 1249 3150 retenant
1265 3126 1289 3149 le
1303 3128 1365 3157 gout
1380 3127 1412 3150 de
1430 3127 1524 3151 cei-ise.
1540 3137 1548 3146 ι
1568 3125 1660 3157 (thiat,
1678 3134 1704 3158 p.
1723 3127 1795 3157 541.)
