2530 3969
1263 532 1431 579 (332)

523 629 610 651 B-ncczc
623 634 680 658 qna:
693 627 831 651 dulciculae
849 628 938 659 pueris
953 625 1128 650 comeduntur
1144 623 1305 654 avibusque,
1323 624 1347 646 in
1364 625 1458 655 primis
1473 623 1594 649 Merulis,
1613 622 1745 654 appetitae.
1767 619 1856 644 Flores
1874 625 1950 643 mane
1967 617 2077 641 occlusae
2095 616 2127 639 ad
2148 616 2210 639 solis

492 693 612 710 occasum
629 686 782 717 aperiuntur
792 690 817 709 et
833 692 940 708 suavem
957 690 1003 715 per
1019 687 1122 705 noctem
1138 681 1259 707 odorem,
1277 681 1432 706 observante
1445 682 1614 710 Bertlielotio‚
1627 681 1772 712 exspirant,
1788 683 1843 701 tum
1857 684 1963 709 quoque
1978 674 2107 707 perigenii
2120 673 2208 697 foliola

491 752 541 767 non
557 744 656 767 hiantia
673 745 774 767 tantum
787 743 831 767 sed
847 742 924 765 derso
939 740 1042 764 sublato
1055 738 1233 771 pedunculum
1249 722 1390 770 attingunt.
1404 744 1482 771 atque
1500 739 1535 763 ita
1551 739 1635 763 donec
1651 736 1777 761 diluculet
1793 739 1940 760 remanent.
1957 738 2012 757 tum
2029 733 2110 757 clausi
2123 732 2212 756 rursus

493 809 571 835 atque
585 802 686 826 inodori
701 803 811 833 (Bertli.,
825 802 842 825 Ι.
853 802 896 829 (3.).
909 799 1062 822 Vandellius
1076 805 1181 830 quoque
1198 797 1291 820 norum
1306 802 1456 828 apertorum
1473 797 1584 821 lacinias
1600 796 1732 820 revolutas
1745 795 1811 818 dixit
1827 792 1968 823 (Vandell.,
1986 791 2061 821 diss.,
2078 798 2138 822 pag.
2150 792 2186 819 5).

527 862 561 885 De
574 860 710 884 radicibus
725 860 803 884 aeriis
814 877 821 889 ,
837 857 870 882 de
884 856 1024 881 arboribus
1037 854 1149 879 novellis
1165 855 1221 886 ipsa
1236 853 1332 877 arbore
1344 853 1429 876 enatis
1442 870 1447 880 ,
1462 853 1496 877 de
1507 854 1559 877 vita
1576 859 1599 878 et
1615 853 1745 877 vitalitate
1766 853 1825 881 sua,
1847 850 1879 874 de
1896 848 1996 873 morbis
2018 853 2096 880 atque
2111 855 2214 872 excres-

493 919 586 944 centiis
597 918 628 942 es.
642 917 768 944 Bertliel..
786 916 803 940 l.
816 923 840 939 c.

527 976 720 1000 Celeberrimos
739 973 909 998 Gaudicliand
932 972 999 995 inter
1018 970 1070 994 alta
1096 970 1298 1001 organogenesis
1313 971 1397 994 studia
1413 971 1521 1001 stirpem
1535 970 1602 993 lianc
1619 969 1765 993 notabilem
1786 974 1876 992 amore
1898 967 2030 999 przecipuo
2053 965 2212 989 observavit.

495 1037 587 1059 Doctas
599 1041 657 1065 qua·v
673 1036 816 1063 sequuntur
830 1030 1012 1053 annotationes
1025 1033 1049 1052 et
1060 1028 1266 1060 descriptionem
1287 1027 1415 1052 ineditam
1434 1027 1620 1059 pulcherrima!
1635 1028 1717 1051 iconis
1733 1027 1804 1058 (Voy.
1822 1026 1855 1050 dc
1870 1025 1893 1049 la
1910 1025 2016 1053 Bonite,
2034 1024 2103 1050 Bot.,
2118 1022 2173 1046 tab.
2192 1024 2215 1051 Ἰ)

497 1093 633 1116 nobiseum
646 1092 747 1114 summa
763 1088 946 1113 benevolentia
958 1087 1174 1111 communicavit.
1193 1087 1238 1109 nis
1254 1084 1379 1117 quicquid
1394 1085 1481 1109 adhuc
1497 1085 1529 1108 dc
1542 1085 1670 1108 Dracaenae
1681 1084 1784 1108 arboris
1797 1084 1896 1108 fabrica
1911 1088 2000 1106 notum
2014 1082 2077 1108 sibi,
2089 1079 2215 1112 quicquid

498 1152 605 1183 posthac
621 1149 779 1173 noscendum
800 1153 878 1178 atque
893 1146 1080 1178 inquirendum
1092 1163 1097 1172 .
1116 1150 1169 1168 tam
1185 1145 1255 1169 clare
1267 1144 1396 1176 explicata
1415 1149 1473 1167 sunt
1489 1148 1515 1167 nt
1532 1143 1597 1167 alias
1614 1149 1716 1167 nostras
1732 1144 1929 1168 observationes
1944 1141 2043 1166 addere
2062 1147 2218 1172 supervaca-

498 1217 575 1233 neum
593 1213 658 1232 esset
676 1215 735 1231 cum
751 1206 806 1238 jam
826 1205 903 1237 supra
925 1205 1124 1236 synonymiam,
1144 1205 1334 1235 historiamque
1354 1211 1428 1227 suam
1449 1203 1463 1225 a
1491 1203 1585 1234 primis
1608 1203 1722 1225 scientim
1746 1201 1922 1227 incunabilis.
1944 1201 2122 1231 stationesque
2140 1202 2219 1230 atque

498 1267 684 1299 expansionem
700 1264 904 1296 geograpliicam
920 1264 1133 1295 exposuerimus,
1147 1270 1192 1286 eas
1205 1262 1265 1294 crgo
1280 1262 1390 1286 verbum
1407 1269 1454 1293 pro
1468 1262 1549 1285 verbo
1565 1261 1705 1285 reddentes
1723 1261 1853 1284 latinitate
1867 1260 2034 1283 donavimus.

534 1337 541 1345 .
555 1324 630 1347 fitutia
644 1323 676 1346 dc
686 1323 808 1346 Dracaena
821 1323 938 1345 Dracone
951 1326 976 1345 et
991 1320 1137 1352 praesertim
1151 1319 1183 1343 de
1197 1321 1291 1351 magna
1305 1319 1400 1343 arbore
1411 1319 1564 1343 Orotavensi
1579 1318 1716 1342 Teneriss'ae
1729 1319 1741 1341 a
1757 1318 1879 1349 plurimis
1892 1320 1986 1350 scripta
2000 1323 2068 1344 sunt.
2082 1321 2219 1348 nantaeque

501 1383 613 1406 illustres
622 1385 720 1405 natura!
731 1379 913 1412 prodigiorum
927 1378 1039 1402 studiosi
1054 1383 1174 1402 truncum
1189 1383 1292 1401 vastum
1308 1379 1439 1409 ingentem
1454 1382 1490 1401 tot
1504 1377 1659 1401 sacculorum
1672 1376 1831 1400 miraculum
1843 1381 2006 1408 stupuerunt.
2019 1375 2069 1400 Sed
2081 1376 2143 1398 tanti
2160 1374 2221 1398 licet

501 1447 607 1472 tamque
623 1440 699 1472 periti
714 1439 762 1462 viri
786 1438 818 1462 de
834 1437 988 1467 altitudine,
1006 1437 1038 1461 de
1054 1436 1202 1463 diametro,
1219 1437 1304 1468 deque
1321 1438 1482 1460 incremento
1499 1443 1544 1460 suo
1561 1440 1597 1459 tot
1616 1435 1681 1459 sacta
1698 1435 1892 1461 coacerverint,
1909 1441 2046 1466 superesse
2064 1433 2155 1457 incerti
2173 1433 2221 1456 ali-

501 1499 563 1531 quid
580 1499 713 1522 fatendum
731 1497 764 1521 de
778 1502 854 1521 aetate
871 1499 917 1520 sua
931 1516 937 1526 ,
951 1497 983 1520 de
1000 1496 1181 1528 phaenomenis
1201 1495 1372 1519 mirabilibus
1396 1495 1479 1519 trunci
1504 1502 1639 1517 ramorum
1663 1493 1877 1525 ramulorumque
1899 1493 2088 1516 bifurcatorum
2109 1496 2133 1515 et
2148 1493 2222 1523 quasi

501 1557 700 1582 articulatorum
714 1556 871 1580 evolutionis
882 1560 907 1580 et
921 1556 1051 1587 praecipue
1070 1553 1102 1579 de
1117 1554 1237 1578 radicum
1254 1554 1405 1578 enormium
1418 1554 1566 1577 acci-ctione
1581 1553 1615 1576 ad
1634 1554 1715 1576 instar
1729 1552 1905 1583 dicotylarum
1921 1553 2057 1584 perpetua.

537 1618 680 1641 Draconem
694 1615 781 1639 adhuc
793 1615 926 1647 juniorem
940 1614 1058 1638 Gadibus
1075 1615 1185 1645 Europae
1199 1618 1294 1637 nostrae
1309 1613 1354 1636 ora
1374 1613 1428 1644 ipsa
1448 1611 1557 1635 occidua
1577 1613 1676 1639 visam,
1696 1611 1740 1634 ubi
1760 1616 1784 1634 et
1801 1616 1904 1634 {etatem
1924 1618 2031 1635 noscero
2048 1608 2225 1642 proculdubio

505 1676 580 1700 t'acile
601 1677 661 1701 crit.
678 1675 723 1699 ubi
743 1679 830 1706 partes
851 1680 911 1697 suas
928 1674 1070 1704 quotannis
1087 1673 1174 1696 metiri
1193 1677 1218 1695 et
1237 1671 1371 1696 crescendi
1390 1672 1519 1695 rationem
1539 1676 1629 1694 notare
1649 1670 1737 1694 licebit
1757 1672 1816 1701 (1),
1835 1671 1860 1693 in
1879 1670 2038 1702 pliytologiae
2054 1667 2226 1694 commodum

505 1734 610 1766 qualem
623 1741 683 1757 eam
699 1740 730 1757 eo
744 1737 862 1764 tempore
875 1730 929 1754 vidi
945 1730 1024 1754 talem
1040 1730 1147 1762 depingi
1162 1731 1251 1754 curavi
1265 1738 1270 1753 :
1287 1730 1480 1761 sciagraptiiam
1497 1734 1613 1753 nostram
1627 1729 1819 1760 botanograptii
1835 1728 2005 1760 complebunt
2023 1724 2123 1752 suturis

539 1795 613 1816 Extat
630 1793 684 1816 inec
697 1791 775 1815 arbos
790 1791 815 1813 in
832 1790 907 1813 horto
921 1787 1071 1813 scholarum
1086 1788 1194 1820 publico
1209 1787 1253 1811 ubi
1270 1789 1390 1812 accurate
1405 1787 1552 1811 custoditur
1563 1787 1663 1819 diuque
1674 1787 1866 1811 custodituram
1881 1787 1952 1811 haud
1965 1786 2154 1811 dubitandum.

541 1851 636 1874 Notum
649 1850 727 1872 nobis
739 1852 763 1872 et
781 1852 884 1879 tempus
895 1854 948 1878 quo
963 1847 1086 1870 Drncmna
1103 1846 1212 1870 noi-ihus
1224 1845 1314 1869 induta
1331 1850 1355 1870 et
1369 1853 1421 1877 quo
1437 1847 1549 1869 fructum
1563 1845 1660 1874 reddit,
1674 1845 1719 1869 sed
1733 1851 1831 1877 quanta
1848 1845 1880 1869 de
1895 1845 1987 1869 uorum
2005 1844 2143 1868 ovulorum
2160 1846 2228 1868 sruc-

509 1911 601 1941 tusquc
619 1907 816 1940 &gnuog-mesi,
834 1911 933 1937 quanta
948 1903 1141 1929 secundationis
1156 1911 1260 1935 areana,
1274 1908 1372 1935 quanta
1386 1904 1528 1929 seminum,
1546 1904 1713 1935 perispermi‚
1726 1908 1805 1935 atque
1816 1902 1969 1934 embryonis
1983 1903 2148 1928 formationis
2159 1905 2230 1934 plize-

509 1974 619 1992 nomena
635 1966 762 1997 exquisita
778 1963 880 1995 ignota!

542 2026 646 2050 Semina
663 2027 765 2047 matura
781 2029 839 2053 quae
851 2021 899 2046 sub
913 2021 969 2053 ipso
985 2020 1088 2044 arboris
1104 2024 1195 2043 trunco
1207 2019 1268 2050 legi,
1284 2020 1309 2042 in
1325 2020 1383 2042 navi
1399 2019 1574 2051 speculatoria
1587 2019 1610 2042 lu
1621 2020 1711 2043 Bonita
1721 2020 1849 2044 seminata
1860 2021 2067 2051 germinationes
2079 2021 2230 2052 suppedita-

511 2092 570 2109 runt
585 2090 697 2116 quarum
713 2081 811 2112 effigies
831 2085 937 2104 exactas
953 2078 1025 2103 dedi.
1048 2079 1137 2103 Plures
1156 2079 1249 2103 orbem
1267 2083 1341 2102 terrae
1357 2078 1495 2102 nobiscum
1511 2079 1662 2102 ambierunt
1682 2084 1707 2103 et
1729 2079 1762 2102 ad
1784 2079 1914 2103 Lutetiam
1931 2080 1996 2103 vivae
2017 2084 2144 2111 pervectae
2162 2084 2229 2103 sunt.

512 2143 598 2167 Aliam
613 2145 686 2165 horto
703 2141 826 2164 botanico
840 2138 914 2171 eujus
927 2142 1032 2162 curator
1046 2137 1131 2161 celeb.
1145 2136 1257 2160 Wallich
1269 2136 1393 2161 Calcuttae
1403 2138 1536 2165 commisi,
1549 2138 1592 2162 ubi
1607 2138 1727 2161 Draccrna
1740 2140 1819 2162 Draco
1834 2140 1939 2170 prorsus
1953 2139 2084 2170 incognita
2097 2142 2162 2162 erat.

546 2203 610 2226 Cum
627 2205 715 2224 autem
737 2199 817 2222 variis
835 2201 1020 2229 tempestatum
1037 2200 1100 2220 actte
1122 2195 1216 2219 suerint
1233 2200 1257 2220 et
1271 2196 1330 2220 coeli
1348 2197 1590 2228 permutationibus
1606 2197 1743 2229 multaque
1759 2198 1784 2220 in
1802 2197 1879 2229 longo
1897 2199 2005 2229 trajectu
2024 2203 2153 2228 perpessae
2168 2197 2230 2224 sint,

513 2270 563 2286 non
580 2267 670 2285 omnes
683 2259 748 2282 mihi
760 2258 924 2282 characteres
935 2255 968 2279 ad
981 2256 1123 2288 perfectam
1137 2255 1374 2287 organographiam
1387 2255 1525 2287 mejudice
1537 2257 1670 2288 imprimis
1682 2257 1852 2285 necessarios,
1866 2256 2045 2288 prmbuernnt.
2057 2256 2112 2279 Non
2125 2262 2231 2287 possum

516 2321 603 2351 itaque
624 2325 676 2341 non
696 2317 791 2340 iterum
814 2316 962 2346 iterumque
979 2313 1111 2337 botanicis
1131 2311 1318 2337 commendare
1334 2313 1432 2344 quibus
1452 2314 1583 2338 seminum
1601 2315 1746 2338 recentium
1765 2314 1841 2345 copia
1866 2314 1960 2343 suerit,
1982 2319 2008 2337 ut
2027 2313 2234 2345 germinationes

516 2380 605 2403 rursus
620 2377 828 2408 diligentiusque
839 2374 919 2406 quam
932 2374 998 2397 mihi
1016 2373 1053 2397 sas
1067 2377 1133 2399 erat.
1149 2372 1327 2397 observarent.
1342 2371 1485 2404 Vegetandi
1498 2373 1593 2404 pliases
1612 2379 1810 2405 oei-sequantur,
1824 2373 1946 2398 soliorum
1961 2372 2085 2396 ordinum
2102 2372 2231 2397 distribu-

501 2436 504 2438 ’
518 2439 615 2461 tionem
632 2440 657 2460 et
675 2434 858 2466 symmetriam
872 2431 1016 2456 notabilem
1033 2432 1187 2464 inspiciant,
1203 2439 1314 2463 quarum
1331 2431 1401 2463 leges
1414 2432 1439 2454 in
1456 2432 1505 2455 lioc
1520 2439 1615 2463 genere
1630 2440 1681 2456 non
1698 2433 1790 2457 nisiex
1803 2432 1966 2464 germinibus
1982 2433 2053 2456 sanis
2066 2432 2235 2464 robustisque

518 2497 566 2520 rite
583 2495 652 2519 nosci
669 2499 745 2525 posse
761 2496 861 2516 certum
881 2495 933 2518 est:
951 2497 983 2514 ex
1000 2490 1063 2514 sotis
1077 2491 1148 2514 enim
1166 2489 1336 2522 pliyllotaxiae
1353 2490 1492 2522 principiis
1506 2491 1665 2522 compositio
1682 2491 1804 2522 organica
1821 2496 1900 2523 atque
1919 2491 2066 2515 anatomica
2083 2496 2234 2516 truncorum

518 2554 643 2579 Draconis
655 2549 781 2576 eruenda.

554 2613 619 2636 Cum
635 2609 712 2642 liujus
724 2608 821 2640 speciei
834 2606 911 2630 ssores
921 2606 1022 2629 tantum
1036 2606 1147 2629 siccatos
1158 2605 1273 2629 herbarii
1286 2606 1431 2631 Webbiani
1443 2608 1596 2631 examinare
1606 2609 1677 2640 potui
1693 2608 1890 2632 observationes
1903 2615 1975 2632 meas
1988 2609 2133 2640 specierum
2148 2609 2237 2640 proxi-

524 2677 626 2695 marum
639 2667 785 2691 viventium
798 2665 947 2697 cognitione
961 2664 1066 2687 iirmare
1078 2662 1158 2690 volui.
1171 2670 1283 2694 quarum
1297 2663 1385 2696 plures
1396 2665 1433 2688 uti
1446 2665 1565 2689 Dracoemc
1575 2667 1665 2695 reflexa
1681 2667 1705 2689 in
1718 2667 1847 2691 Caldariis
1859 2668 1952 2691 nostris
1968 2667 2033 2692 lacte
2049 2667 2198 2692 florescunt.

556 2730 653 2753 Omnes
668 2726 833 2750 characteres
848 2722 956 2747 omnino
970 2721 1077 2746 cosdem
1093 2722 1261 2754 praebuerunt
1275 2726 1300 2747 et
1313 2722 1391 2747 fidem
1405 2729 1504 2747 certam
1522 2725 1587 2748 mihi
1606 2724 1721 2749 fecerunt
1740 2726 1876 2750 Dracaenas
1893 2733 1967 2750 veras
1981 2727 1996 2749 a
2013 2726 2142 2755 Cordyline
2155 2726 2239 2750 Chart-

525 2788 620 2813 woodid
634 2787 744 2816 aliisque
756 2782 896 2815 generibus
907 2781 1005 2813 quihus
1017 2781 1061 2804 diu
1074 2780 1186 2805 confusae
1199 2781 1268 2805 ctare
1283 2781 1414 2814 planeque
1426 2781 1533 2806 differre
1547 2791 1553 2806 :
1569 2782 1765 2814 distinguuntur
1777 2783 1876 2808 fructus
1891 2789 1916 2808 et
1928 2784 2035 2808 seminis
2048 2784 2158 2811 fabrica,
2175 2791 2239 2808 ovu-

526 2847 611 2870 lorum
626 2849 734 2866 numero
751 2845 775 2863 et
793 2839 975 2871 dispositione,
988 2843 1012 2862 et
1026 2839 1179 2869 stigmatum
1195 2839 1310 2862 maxime
1326 2839 1409 2863 forma
1421 2842 1472 2871 qua
1485 2840 1539 2864 sola
1556 2842 1619 2865 satis
1634 2849 1764 2874 superque
1778 2842 1898 2867 diversae.

562 2901 709 2934 Explicatis)
724 2897 823 2922 inedita
838 2896 893 2920 tab.
908 2897 931 2920 1.
946 2897 1084 2927 (Dracaenae
1100 2896 1236 2928 Draconis)
1250 2899 1338 2929 operis
1351 2899 1392 2922 cui
1407 2898 1498 2923 titulus
1513 2899 1610 2931 Voyayc
1625 2901 1690 2924 dela
1707 2902 1806 2930 Bonite,
1821 2900 1918 2925 additis
1932 2901 2162 2925 observationibus
2176 2900 2208 2924 de

530 2963 634 2995 organis
647 2958 783 2983 floralibus
796 2955 873 2986 liujus
886 2955 984 2986 stirpis.

529 3041 2235 3056 —aef-——Qss—

562 3112 595 3141 (¹)
612 3107 685 3139 Quod
701 3106 807 3137 exsequi
823 3104 928 3136 nequivi
943 3111 1003 3128 cum
1017 3103 1088 3127 horis
1104 3110 1154 3127 non
1169 3103 1284 3135 amplius
1297 3103 1367 3129 binis
1383 3105 1408 3128 in
1425 3105 1470 3130 itta
1485 3106 1548 3131 urbe
1562 3112 1679 3131 moratus
1694 3109 1753 3133 sim.
