2530 3969
900 472 1071 517 (225)

168 566 283 593 Laurus
298 563 426 593 latifolia
440 564 549 594 indica.
571 562 694 598 Barrel„
707 563 764 597 Ic„
780 561 836 591 tab.
852 561 921 590 877.

166 627 274 658 Persea
288 628 399 659 indica.
416 631 548 669 Spreng„
560 628 638 666 Syst.
648 648 655 662 ‚
665 626 716 654 vol.
734 626 763 662 2,
777 636 848 665 pag.
863 626 931 654 268.
948 642 986 646 —
998 625 1076 653 Nees
1090 624 1125 653 ab
1137 625 1205 661 Es.,
1219 625 1322 659 Laur„
1332 635 1402 664 pag.
1422 625 1489 654 135.

168 695 305 722 Vinatico
319 693 548 722 Canariensium
561 698 595 721 ut
606 698 636 720 et
649 690 804 720 Vinhan'co
819 689 1035 718 Lusitanorum
1051 688 1293 719 Madercnsium.

174 762 260 794 ΗΑΒ.
284 760 460 807 Sylvarum
483 759 636 792 omniurn
663 757 919 791 Canariensium
942 764 979 789 ut
1003 764 1035 790 et
1058 755 1209 790 Maderae
1231 756 1321 789 cives
1348 754 1529 802 proletaria
1558 762 1609 788 est
1637 754 1709 789 brec
1731 756 1844 798 arbos,

125 834 273 867 occurrit
298 845 436 880 quoque
460 832 490 866 in
521 831 637 865 insulis
662 831 824 865 Azorieis.
851 830 1140 864 Auilnilacrorum
1166 829 1456 876 Olisiponensium
1487 841 1661 863 summum
1681 837 1731 863 est
1752 841 1849 863 orna-

125 915 279 941 mentum
298 906 356 941 sed
372 906 558 940 exoticum.

162 979 267 1008 Dasea.
281 979 376 1006 Aaron
392 977 563 1015 (jo-pedalis
576 999 584 1008 ,
598 984 705 1006 trunco
720 987 845 1016 procero
855 999 862 1013 ‚
877 978 969 1006 ramis
983 976 1043 1006 late
1058 976 1200 1015 projectis
1211 997 1220 1013 ,
1237 974 1534 1013 ascendentibusque
1548 997 1555 1010 ‚
1573 974 1656 1014 ligno
1670 974 1748 1004 duro
1761 998 1768 1011 ,
1786 977 1854 1005 ruso

123 1043 289 1082 Mahogoni
304 1042 413 1071 aemulo
428 1049 521 1081 atque
543 1041 618 1071 olim
634 1043 666 1071 in
682 1042 872 1072 Britanniam
892 1042 950 1071 sub
969 1042 1093 1071 nomine
1116 1040 1282 1080 Mahagoni
1302 1039 1490 1069 Maderensis
1511 1039 1612 1070 allato.
1636 1040 1753 1070 anu
1773 1051 1854 1069 cras·

122 1108 243 1137 siusculi
255 1130 262 1144 ,
274 1108 389 1143 striati,
404 1107 589 1136 tuberculati
599 1130 607 1143 ‚
621 1107 704 1147 ligno
720 1107 830 1137 fibroso
846 1107 1023 1137 rubescente
1039 1106 1173 1136 medulla
1191 1106 1292 1145 ampla
1306 1105 1409 1135 albida
1423 1107 1563 1145 percursa
1576 1128 1584 1143 ‚
1596 1106 1730 1144 juniores
1745 1106 1851 1145 pallidi

121 1173 452 1211 sericeo-pubescentes.
472 1172 562 1202 Formi
575 1173 689 1202 alterna
706 1173 754 1202 vel
768 1174 975 1212 approximata
993 1173 1204 1212 subopposita,
1218 1182 1327 1211 magna
1339 1195 1346 1208 ‚
1358 1171 1664 1201 chartaceo-coriacea
1678 1195 1686 1207 ,
1702 1171 1850 1212 oblongo-

120 1237 285 1268 lanceolata
295 1260 302 1274 ,
322 1238 518 1277 penninervia
532 1260 540 1275 ,
559 1238 718 1268 reticulata
730 1261 738 1275 ‚
761 1237 875 1277 pallide
897 1239 1027 1267 virentia
1038 1261 1045 1273 ,
1059 1237 1169 1267 subtus
1183 1237 1222 1267 ad
1236 1248 1329 1267 venas
1342 1244 1373 1266 et
1393 1236 1620 1266 reticulationes
1640 1236 1850 1276 pubescentia,

120 1304 252 1343 margine
266 1303 405 1333 revoluta
417 1326 424 1340 ‚
437 1304 558 1343 juniora
573 1303 724 1343 apiculata
736 1327 743 1341 ‚
755 1304 899 1344 petiolata
909 1327 916 1340 ,
929 1304 1042 1343 petiolo
1053 1304 1127 1333 folio
1142 1303 1228 1342 G-plo
1241 1303 1382 1332 breviora
1393 1325 1401 1340 ‚
1417 1303 1542 1341 anguste
1557 1301 1754 1332 canaliculato
1765 1325 1772 1338 ‚
1785 1302 1852 1341 pal-

118 1369 180 1398 lide
204 1369 380 1399 rubescente
392 1392 399 1404 ,
418 1368 613 1408 pubescente.
634 1370 750 1399 Fromzs
772 1370 1027 1409 spicato-cyinosi
1051 1368 1207 1408 pedicellis
1229 1368 1269 1397 ad
1293 1368 1411 1407 apicem
1426 1366 1674 1406 pedunculorum
1695 1378 1731 1396 ex
1753 1368 1851 1398 axillis

118 1434 263 1464 foliorum
274 1435 467 1473 superiorum
476 1434 712 1474 prodeuntibus,
725 1434 883 1474 elongatis,
898 1434 1046 1470 sarinosis,
1055 1433 1128 1462 solio
1137 1432 1293 1472 subdupla
1301 1431 1494 1462 brevioribus
1502 1432 1600 1461 rarius
1607 1432 1717 1462 folium
1726 1443 1849 1472 aequan-

118 1499 211 1536 tibus,
221 1501 351 1530 insertis.
366 1499 504 1530 Emeum
516 1500 686 1535 filiformes,
698 1500 818 1535 albidae,
829 1499 956 1530 caducae.
968 1499 1159 1529 Pssmcomum
1169 1497 1291 1528 sordide
1299 1497 1452 1536 albidum,
1461 1497 1613 1537 profunde
1623 1498 1764 1536 6-fidum,
1777 1499 1852 1529 tubo

118 1565 308 1602 brevissimo,
322 1565 440 1595 laciniis
455 1565 736 1595 ovato-lanceolatis
748 1589 756 1603 ,
769 1565 924 1594 subacutis
935 1588 942 1602 ,
955 1564 1153 1593 interioribus
1167 1563 1417 1602 sublongioribus
1431 1586 1439 1600 ,
1453 1564 1540 1593 extus
1556 1563 1646 1595 dense
1659 1566 1849 1602 tomentosis,

118 1631 200 1660 intus
210 1630 453 1670 pubescentibus.
467 1631 595 1661 Surum
610 1631 727 1661 laciniis
742 1632 889 1671 perigonii
903 1630 1053 1665 breviora,
1067 1629 1282 1664 hirsutissima,
1298 1627 1461 1658 filamentis
1474 1628 1620 1658 ordinum
1631 1632 1648 1660 2
1664 1631 1850 1659 exteriorum

118 1696 319 1736 eglandulosis
338 1697 403 1726 basi
424 1708 496 1726 cum
517 1698 633 1727 laciniis
648 1699 798 1737 perigonii
819 1696 1063 1733 adhaerentibus,
1076 1696 1160 1725 tertii
1181 1695 1298 1724 ordinis
1313 1697 1441 1724 extrorsi
1465 1694 1629 1725 filamentis
1651 1695 1742 1734 paulo
1761 1698 1853 1735 supra

119 1763 201 1793 basin
215 1763 254 1792 ad
268 1764 362 1793 latera
379 1764 545 1793 retrorsum
560 1763 704 1803 glandula
718 1763 876 1803 globosulai
892 1762 986 1792 sessili
1006 1762 1153 1802 utrinque
1175 1761 1293 1801 stipatis
1311 1785 1319 1798 ,
1337 1762 1439 1800 quarti
1458 1761 1574 1790 ordinis
1594 1762 1852 1792 staminodiorum

120 1828 281 1857 filamentis
297 1827 453 1864 brevibus,
465 1827 593 1857 anthera
603 1828 741 1857 abortii-2⁴1
757 1827 880 1857 cordata
891 1827 980 1857 dorso
992 1834 1022 1856 et
1033 1828 1116 1866 apice
1129 1826 1245 1856 hirtulei
1265 1828 1423 1857 coronatis.
1442 1827 1579 1857 Ovmuum
1593 1827 1746 1867 glabrum.
1760 1828 1849 1858 Bixccix

119 1893 357 1932 ovato-elliptica
370 1917 377 1931 ‚
390 1895 506 1923 intense
520 1904 674 1933 purpurea
686 1917 694 1931 ,
718 1894 846 1923 deminn
860 1893 923 1923 basi
939 1892 1040 1930 nuda,
1060 1891 1211 1932 pedicello
1231 1891 1448 1929 crassiusculo,
1470 1892 1587 1921 modice
1608 1903 1733 1923 carnoso
1751 1895 1853 1934 impo-

121 1960 189 1990 sita.

154 2026 215 2050 Ons.
233 2026 313 2050 Bacca
328 2033 438 2050 carnosa
451 2026 496 2051 sed
508 2034 560 2050 non
576 2027 626 2050 nisi
640 2026 760 2051 Columbo
774 2027 900 2050 Ιαιινίυονά
916 2025 985 2050 Nob.
997 2025 1125 2057 appetita.
1139 2025 1232 2049 Facies
1244 2024 1322 2056 hujus
1334 2024 1445 2056 speclei,
1457 2023 1582 2048 soliorum
1593 2025 1678 2049 forma
1692 2030 1717 2050 et
1733 2026 1807 2050 color
1817 2029 1848 2053 P.

120 2084 290 2114 yrutissimam
305 2084 415 2108 omniuo
435 2084 550 2109 referunt
565 2083 640 2116 cujus
657 2083 761 2108 arboris
776 2084 801 2107 in
822 2082 915 2106 insulis
930 2082 1137 2107 Canariensibus
1155 2082 1232 2107 cullae
1250 2082 1350 2107 fructus
1361 2100 1368 2110 ,
1381 2083 1450 2107 aeris
1466 2087 1491 2106 et
1511 2083 1559 2107 soli
1578 2085 1696 2108 siccitate
1713 2085 1848 2110 imminuti

122 2150 183 2166 mox
197 2144 266 2166 ovati
281 2151 312 2167 ex
325 2143 515 2175 pyrisormibus
526 2148 551 2166 et
566 2143 671 2175 parcius
686 2143 790 2167 carnosi
804 2142 919 2166 evadunt
933 2146 960 2165 ut
971 2141 1164 2165 Viniaucorum
1179 2140 1339 2173 (Per-seuram
1357 2141 1506 2173 indicarum)
1519 2143 1779 2175 appropinquatione
1789 2152 1848 2177 pei·-

121 2207 208 2224 versas
220 2201 348 2225 Avocaies
363 2201 409 2232 (P.
424 2202 589 2232 qratissimas)
605 2202 631 2225 in
644 2201 795 2225 Fortunatis
805 2201 951 2224 Viniaiieos
964 2200 1018 2224 [ieri
1032 2207 1083 2223 non
1103 2199 1228 2223 dubitant
1240 2200 1328 2224 dicere
1342 2199 1469 2223 insulani.

702 2342 1000 2373 EXPLICATIO
1031 2342 1133 2372 TAB.
1167 2334 1263 2373 202.

177 2451 206 2473 1.
229 2440 356 2474 Ramus
374 2438 517 2474 floridus
536 2447 569 2473 et
584 2439 747 2482 fructifer,
764 2438 874 2473 baccis
894 2438 1049 2473 nondum
1068 2451 1107 2472 ex
1125 2447 1198 2473 toto
1215 2440 1357 2473 maturis
1375 2439 1555 2487 perigenio
1576 2439 1687 2474 adhuc
1705 2440 1846 2487 stipatis,

121 2525 209 2560 mag.
230 2520 300 2547 nat.
317 2525 351 2547 2.
371 2514 447 2547 Flos
462 2525 540 2547 cum
560 2513 680 2560 figuris
696 2513 835 2559 reliquis
849 2521 979 2547 auctus.
1002 2512 1037 2547 3.
1056 2513 1150 2548 Idem
1167 2514 1267 2548 fissus
1279 2522 1382 2561 atque
1398 2523 1471 2549 arte
1491 2515 1675 2562 explicatus
1692 2524 1729 2549 ut
1747 2527 1846 2562 appa-

121 2595 215 2621 reant
237 2587 420 2621 staminum
447 2587 596 2621 ordines.
622 2587 658 2631 4.
687 2585 782 2621 Idem
803 2587 834 2620 in
864 2586 1117 2634 praessoratione
1143 2587 1322 2622 ordinibus
1345 2600 1365 2622 2
1392 2588 1622 2623 exterioribus
1646 2589 1784 2624 resectis
1810 2599 1848 2625 ut

118 2669 277 2708 appareat
295 2660 382 2695 ordo
398 2662 517 2696 tertius
535 2660 704 2708 glandulis
722 2661 927 2709 stipantibus
943 2670 977 2695 et
996 2661 1147 2696 antheris
1167 2663 1330 2697 extrorsis
1354 2662 1527 2698 notabilis
1544 2663 1578 2698 5.
1596 2665 1734 2698 stamen
1750 2664 1847 2700 ordi—

118 2736 169 2769 nis
194 2733 333 2769 secundi
359 2735 554 2769 antron-snm
579 2734 701 2768 visum.
728 2734 761 2768 6.
793 2733 890 2769 Idem
912 2735 931 2768 Ξι
960 2734 1063 2769 dorso
1084 2736 1207 2770 visum.
1237 2748 1272 2783 7.
1299 2737 1552 2772 Staminodium
1577 2739 1691 2785 quarti
1716 2739 1847 2774 ordinis

118 2811 315 2844 antrorsum
330 2809 453 2844 visum.
481 2809 516 2843 8.
546 2808 641 2843 idem
662 2809 771 2843 visum
786 2809 803 2842 a
827 2816 937 2856 tergo.
959 2821 992 2855 9.
1012 2809 1175 2843 Ovariurn
1197 2809 1378 2844 secundum
1405 2822 1484 2845 cum
1507 2811 1598 2859 stylo
1615 2819 1649 2846 et
1673 2812 1844 2860 stigmate.

123 2895 175 2917 10.
203 2882 356 2931 Embryo
381 2882 584 2930 cotyledone
609 2881 717 2918 altera
738 2882 852 2916 avulsa
878 2890 915 2916 ut
939 2890 1126 2930 appareant
1148 2882 1297 2918 radicula
1321 2892 1355 2918 et
1378 2885 1544 2932 plumula.
1570 2898 1624 2920 ιι.
1648 2886 1758 2921 Floris
1777 2886 1845 2921 dia-

119 2969 180 3005 gra
222 2970 243 2992 n
260 2969 292 2991 n]

277 3113 324 3136 111·
333 3109 415 3144 —(3⁸
435 3111 526 3143 secr.)
1679 3111 1715 3138 29
