2530 3969
1016 460 1186 506 (107)

238 557 366 582 bitunAt
382 557 402 580 si
419 556 548 580 sectiones
568 555 788 585 Leucosceptrum
807 556 831 575 et
850 550 1007 581 Teucropsis
1020 549 1056 580 (1)
1069 547 1273 579 commiscendae
1285 549 1300 571 e
1315 547 1457 579 Teucropsi
1475 546 1549 579 prius
1570 547 1686 578 speciem
1704 548 1814 572 alteram
1826 548 1851 570 T.
1867 547 1968 571 Beleni-

239 623 292 640 cum
307 614 400 639 L'Her.
413 618 450 638 tot
465 614 535 638 notis
545 617 570 637 et
583 612 650 637 facie
663 610 779 635 alienam
792 609 888 641 ejicere
902 613 927 632 et
941 609 1009 631 inter
1018 606 1205 633 Scorodonias,
1220 607 1234 629 ἐι
1248 605 1346 637 quibus
1358 605 1431 629 labio
1442 603 1548 630 corollae
1559 604 1695 635 superiore
1708 604 1809 635 integro
1823 605 1866 627 vix
1878 604 1967 629 differt

238 672 337 704 quibus
353 676 442 696 autem
456 672 518 695 dum
538 669 631 694 habitu
644 669 676 692 iis
691 667 804 698 aliisque
818 665 1017 690 characteribus
1030 681 1036 692 ,
1051 664 1209 688 multimode
1227 663 1328 688 accedit
1339 682 1345 693 ‚
1358 662 1489 687 collocare
1510 669 1617 686 necesse
1633 666 1680 686 est.
1697 661 1770 685 Novo
1787 662 1849 685 huic
1865 662 1966 686 cohorti

239 731 266 754 ni
285 731 386 754 oriatur
399 728 517 754 confusio
528 745 534 756 ,
551 733 646 751 nomen
662 725 773 750 fecimus
793 730 890 748 novum
902 741 908 751 ,
928 723 1130 749 Poliodendrom
1146 721 1251 753 generis
1270 719 1341 752 apud
1356 727 1404 745 nos
1415 720 1502 744 vicem
1513 719 1630 751 explebit
1643 737 1650 748 ,
1663 722 1746 743 totam
1757 717 1968 751 ponderantibus

238 789 341 813 tribum
354 788 413 814 loco
425 786 583 819 subgeneris
599 786 620 810 si
637 784 723 817 placet
741 782 897 808 habebitur.

368 935 402 975 1.
445 929 1016 974 POLIODENDRON
1055 922 1694 971 HETEROPHYLLUM.
1734 922 1860 966 Nos.

285 1039 322 1071 P.
339 1038 449 1071 frutex
465 1049 621 1072 ramosus
638 1045 731 1072 totus
746 1037 898 1072 velutine
915 1037 1304 1077 cinereo-tomentosus,
1321 1034 1424 1067 ramis
1442 1031 1543 1066 rectis
1557 1043 1566 1075 3
1583 1030 1670 1065 soliis
1686 1029 1971 1064 ovato-lanceola-

237 1113 292 1155 tis,
307 1111 449 1153 obtusis,
466 1111 535 1145 basi
554 1111 586 1144 in
608 1111 774 1157 petiolum
789 1111 986 1153 attenuatis,
1004 1109 1151 1144 crenatis
1169 1107 1489 1155 integerrimisque3
1509 1105 1653 1139 [loribus
1671 1103 1735 1138 sub
1752 1104 1847 1151 apice
1864 1115 1974 1138 ramo-

237 1198 315 1221 rum
343 1198 383 1220 ex
410 1186 518 1220 axillis
545 1185 701 1220 foliorum
728 1188 816 1232 saepe
841 1185 1051 1220 caducorum
1084 1183 1337 1232 prodeuntibus
1352 1210 1360 1226 ,
1387 1181 1599 1229 pedicellatis
1614 1207 1621 1223 ,
1648 1179 1808 1223 deflexis,
1836 1178 1976 1213 ramulis

237 1261 385 1307 superne
401 1259 528 1293 foliosis
538 1267 572 1293 et
586 1259 616 1293 in
631 1272 739 1294 comte
755 1261 903 1307 speciem
923 1259 1119 1307 productis;
1134 1257 1306 1305 calycibus
1326 1255 1518 1299 turbinatis,
1537 1255 1740 1289 tomentosis
1752 1253 1804 1287 vel
1820 1252 1975 1300 glabres-

235 1333 409 1378 centibus,
433 1335 614 1369 1o—striatis
627 1362 636 1378 ‚
654 1334 856 1379 5-dentatis‚
881 1335 1042 1369 dentibus
1068 1334 1231 1368 brevibus
1252 1332 1347 1375 latis⁷
1364 1331 1493 1373 acutis;
1514 1329 1642 1364 corolla
1660 1328 1811 1363 coriacea
1826 1355 1833 1371 ,
1850 1329 1976 1375 persis·

237 1416 342 1452 tonte,
358 1407 454 1443 fauce
473 1410 603 1442 exserta
617 1436 625 1452 ‚
641 1408 731 1443 labio
751 1409 928 1456 superiore
946 1409 1011 1443 late
1029 1407 1404 1449 rotundato-truncato,
1423 1404 1518 1438 brevi
1534 1431 1541 1447 ,
1558 1403 1772 1451 emarginato
1787 1430 1796 1447 ‚
1813 1402 1976 1437 horizon-

241 1481 331 1527 talii,
350 1482 417 1517 labi
446 1482 612 1516 inferioris
638 1483 799 1530 promissi
825 1483 953 1517 laciniis
982 1480 1178 1516 lateralibus
1204 1480 1388 1522 brevibus,
1417 1479 1512 1522 latis,
1531 1477 1747 1521 rotundatis,
1769 1475 1975 1511 intermedio

237 1556 661 1604 cochleato-cymbiformi‚
675 1557 904 1601 acutiusculo,
920 1557 1086 1603 utrinque
1102 1555 1339 1602 emarginat03
1358 1552 1562 1588 staminibus
1577 1552 1680 1598 longe
1696 1551 1855 1594 exsertis,
1872 1550 1975 1597 glan-

238 1630 495 1678 duloso-hirtis3
508 1632 585 1678 styli
604 1631 690 1665 lobis
708 1631 905 1674 linearibus,
920 1631 1014 1678 apice
1029 1631 1224 1673 attenuatis,
1237 1627 1463 1676 stigmatosi53
1483 1624 1788 1671 hemimericarpiis
1801 1623 1964 1670 oblongis

238 1705 687 1749 scrobiculato-reticulatis‚
715 1705 809 1751 apice
837 1704 913 1752 pilis
943 1704 1085 1738 ramosis
1111 1702 1264 1737 hirsutis.
1294 1722 1336 1727 —
1362 1701 1441 1735 Flos
1471 1697 1741 1734 carneo-rubens
1769 1697 1823 1731 vel
1858 1696 1976 1740 ruber,

239 1779 381 1815 demum
401 1779 620 1814 atrorubens.

278 1851 447 1881 Teucrium
459 1849 723 1891 heterophyllum.
744 1851 889 1885 L’He'rit.,
908 1850 1005 1889 stirp.
1025 1859 1099 1887 ran,
1111 1859 1184 1889 pag.
1199 1846 1247 1878 84.
1261 1862 1301 1870 —
1312 1847 1398 1877 Hort.
1413 1847 1510 1882 Kew„
1526 1845 1570 1875 ed.
1586 1847 1601 1875 1
1613 1867 1622 1881 ,
1635 1845 1689 1876 vol.
1706 1845 1725 1875 2
1736 1866 1744 1882 ‚
1757 1855 1828 1885 pag.
1912 1866 1921 1875 .
1939 1859 1978 1867 ‹—

243 1918 359 1954 Beneh.⁵
371 1917 458 1952 Lab„
468 1927 539 1956 pag.
555 1915 625 1945 664.

282 1983 449 2012 Teucrium
463 1983 645 2011 canariense.
660 1982 778 2016 Lamcls,
795 1982 928 2019 Encycl.‚
942 1982 994 2012 vol.
1006 1983 1039 2019 2,
1049 1992 1120 2021 pag.
1135 1982 1204 2011 692.

282 2048 400 2077 Jocama
412 2045 629 2075 Palmensium.
644 2045 748 2074 Salvia
758 2046 792 2074 de
803 2045 892 2074 India
906 2045 1136 2074 Canariensium
1147 2056 1184 2074 ex
1193 2043 1378 2083 Despreaux.

292 2114 378 2146 ΗΑΒ.
401 2114 478 2147 Non
496 2124 571 2146 rara
597 2119 648 2145 est
676 2111 748 2145 haec
778 2111 891 2158 planta
920 2111 953 2145 in
983 2111 1066 2145 locis
1092 2111 1237 2157 petrosis
1264 2108 1459 2143 siccissimis
1486 2107 1635 2154 regionis
1659 2106 1830 2140 inferioris
1858 2105 1985 2139 insulse

241 2186 445 2221 Teneriffae:
469 2186 619 2220 occurrit
642 2185 745 2220 etiam
769 2184 805 2220 in
829 2185 944 2219 Palma
964 2192 998 2219 et
1017 2185 1173 2219 Canaria.
1195 2184 1383 2231 Copiosam
1399 2182 1545 2229 legimus
1562 2182 1670 2228 prope
1687 2182 1830 2214 Portum
1849 2181 1977 2214 Orota-

241 2272 380 2295 vensem
392 2288 400 2304 ‚
419 2260 506 2294 circa
527 2257 715 2308 Bajamcir
729 2267 763 2293 et
782 2259 847 2293 sub
862 2260 940 2294 villa
960 2259 1106 2294 Comitis
1123 2258 1166 2294 de
1184 2260 1322 2306 Septem
1340 2256 1509 2292 Fontibus
1527 2258 1635 2304 prope
1654 2256 1790 2290 Buena
1811 2256 1923 2291 Vista
1940 2256 1975 2290 in

241 2334 350 2368 insula
364 2333 532 2368 Teneriffa
546 2361 555 2378 ,
569 2345 715 2380 eamque
734 2333 768 2367 in
783 2333 868 2368 valle
883 2333 994 2368 Sancti
1009 2333 1156 2368 Andreae
1170 2340 1204 2367 et
1221 2332 1263 2366 ad
1280 2331 1428 2379 Igueste
1443 2330 1524 2378 legit
1542 2329 1586 2364 cl.
1601 2329 1644 2364 de
1661 2329 1756 2364 Buch
1770 2341 1779 2374 3
1798 2329 1943 2364 eandem
1956 2331 1974 2364 a

242 2409 351 2444 Mazo
369 2409 401 2442 in
422 2408 530 2442 insula
546 2408 662 2442 Palma
681 2409 939 2456 apportavimus
960 2417 992 2443 et
1016 2408 1060 2442 ab
1074 2409 1249 2454 Amurga
1267 2415 1299 2441 et
1321 2408 1432 2441 Risco
1457 2404 1588 2439 blanco
1606 2405 1639 2438 in
1657 2405 1802 2438 Canaria
1823 2404 1916 2439 misit
1930 2405 1972 2439 cl.

242 2483 454 2530 Despreaux.

290 2558 443 2591 DisTmss.
466 2568 594 2592 GEOGR.
618 2556 737 2590 Planta
752 2564 804 2590 est
818 2556 1051 2600 (laoniensis,
1070 2567 1175 2602 quain
1201 2556 1234 2589 in
1262 2554 1410 2590 Maderae
1436 2553 1653 2601 rupesfflbus
1677 2554 1785 2600 prope
1804 2552 1973 2600 oppidum

242 2629 475 2664 Funchalense
490 2630 571 2677 legit
585 2629 630 2664 cl.
646 2630 818 2664 Lemann!

815 2764 1117 2794 EXPLICATIO
1156 2764 1260 2793 TAB.
1307 2752 1401 2792 173.

296 2859 326 2881 1.
344 2848 471 2881 Ramus
485 2847 602 2894 junior
623 2846 710 2881 foliis
729 2846 827 2880 valde
845 2846 1048 2881 tomentosis
1070 2846 1297 2892 crenatisque.
1323 2857 1359 2879 2.
1389 2846 1519 2878 namus
1540 2843 1683 2878 floridus
1708 2843 1797 2878 foliis
1819 2842 1975 2890 plurimis

279 2987 315 3019 (1)
334 2987 359 3012 Si
375 2988 426 3013 huc
437 2996 543 3020 quoque
559 2989 697 3013 inserenda
714 2992 776 3012 sect.
788 2988 955 3017 Pycnobotrys
967 2987 1061 3012 Benth.
1080 2985 1201 3010 mutandi
1218 2990 1293 3010 erunt
1307 2985 1594 3018 quantulumquodque
1607 2986 1712 3017 generis
1728 2986 1895 3010 characteres
1905 3000 1912 3012 ‚
1926 2982 1974 3009 sed

245 3034 346 3067 species
358 3034 500 3060 orientales
515 3034 634 3059 nondum
646 3035 872 3060 examinavimus.
