2530 3969
957 439 1126 485 (267)

221 539 437 579 Thelygonum
452 534 669 577 Cynocrambe.
683 535 786 569 Linm,
800 533 855 571 Sp.
874 530 930 570 pL,
945 539 1018 569 pag.
1036 527 1120 557 1411.
1136 543 1175 549 —-
1185 526 1322 562 Lamclc„
1335 527 1390 561 1'll.,
1409 527 1462 556 tab.
1482 528 1550 556 177.
1562 527 1695 556 —Delia
1712 528 1741 555 in
1755 539 1823 556 ann.
1834 549 1843 564 ‚
1859 539 1896 558 sc.

184 612 256 640 nuh,
270 605 322 633 vol.
339 605 387 640 19,
402 614 472 641 pag.
487 602 557 637 370,
575 600 628 631 tab.
649 599 694 629 13.
710 616 747 621 —
763 597 816 626 le.
829 597 914 629 Nem,
929 595 963 623 ab
977 595 1040 629 Er„
1057 593 1127 622 Gen.
1146 602 1235 631 germ.
1256 590 1377 628 Cynocr.

235 673 317 705 Han.
342 673 377 704 In
398 668 547 703 humidis
562 665 763 701 convallium
780 661 960 696 Tenerisl'ae
973 660 1057 694 circa
1073 658 1217 693 Guimar
1231 665 1264 691 et
1283 656 1375 700 alibi,
1388 656 1418 690 in
1434 656 1575 689 Canarizi
1589 654 1630 689 ad
1647 656 1756 690 fontes
1769 658 1902 692 Madres

183 743 226 779 de
242 746 344 791 Moya
361 755 490 777 necnon
506 740 547 775 ad
565 740 739 787 speluncas
759 737 815 770 las
836 735 978 769 Czaevas
995 732 1037 767 de
1053 733 1106 767 Ios
1124 730 1281 778 Frayles
1301 730 1507 775 (noui-gean)
1521 736 1554 762 et
1569 729 1599 762 iu
1618 729 1724 762 insul-[1
1740 731 1853 764 Palma
1871 732 1902 764 in

185 817 336 853 convalle
351 816 392 851 de
409 816 457 850 los
475 816 596 848 Sauces
611 808 834 858 (Bourgeau).

234 895 392 927 Dts'rmss.
410 901 536 924 Gssoca.
555 886 670 921 Planta
687 891 738 918 est
759 882 908 930 regionis
928 881 1030 916 maris
1049 879 1190 914 interni.

493 1039 853 1085 BOSEINEAE
888 1037 1299 1089 (CHENOPODEARUM
1329 1032 1595 1082 SUBTmssus).

237 1139 352 1174 Flores
369 1137 479 1173 dioeci.
492 1137 640 1171 Stamina
656 1136 691 1179 5,
707 1136 830 1183 calycis
845 1135 973 1170 laciniis
987 1133 1156 1182 opposita,
1172 1131 1266 1165 disco
1281 1128 1436 1163 annulari
1455 1127 1609 1162 dentium
1630 1126 1911 1172 glandulosorum

189 1213 307 1248 ordine
332 1212 495 1247 interiore
522 1211 646 1258 stipato
677 1212 813 1245 inserta.
839 1209 1048 1258 Embryonis
1081 1207 1254 1242 annularis
1282 1204 1531 1252 perispermum
1561 1202 1764 1235 {arimenum
1796 1201 1914 1235 album

188 1287 353 1332 cingentis
379 1285 600 1333 cotyledones
628 1285 750 1331 plante,
773 1284 941 1318 exteriore
961 1282 1088 1329 majore
1110 1280 1308 1315 interiorem
1332 1278 1500 1312 minorem
1521 1277 1675 1316 fovente,
1696 1275 1846 1309 radicula
1864 1274 1917 1309 dc-

189 1361 382 1398 scendentc.

223 1436 281 1460 085,
291 1437 398 1460 Boseam
410 1435 469 1458 istic
485 1435 552 1457 inter
564 1433 697 1457 Celtideas
710 1438 735 1457 et
748 1437 805 1465 post
817 1433 946 1458 Urticeas,
958 1434 1119 1463 repugnante
1132 1433 1222 1452 autem
1237 1429 1328 1451 natura
1341 1427 1493 1458 nuptiisque
1506 1425 1607 1448 illicitis
1621 1424 1781 1455 copulatam.
1792 1431 1851 1447 cum
1865 1424 1914 1447 cel.

193 1493 350 1519 Endlichero
367 1494 485 1525 relegare
503 1494 529 1516 in
548 1492 637 1516 animo
654 1496 719 1516 erat.
735 1492 793 1515 nite
808 1495 896 1515 autem
910 1490 1046 1521 perspecta
1061 1487 1139 1511 aliter
1152 1487 1303 1510 statuimus.
1324 1485 1543 1516 Phytolacceamm
1558 1485 1627 1507 certe
1645 1490 1690 1514 pro
1707 1483 1852 1506 subordine
1870 1483 1918 1506 iia-

192 1554 277 1578 benda
293 1557 359 1577 esset
373 1556 398 1576 et
412 1552 443 1575 ad
457 1558 501 1575 cas
515 1549 681 1575 admovenda
699 1551 749 1574 nisi
766 1550 880 1573 stamina
893 1546 1021 1576 calycinis
1036 1545 1142 1569 laciniis
1157 1544 1278 1576 opposita
1291 1562 1297 1572 ‚
1317 1542 1378 1574 ergo
1394 1543 1462 1566 inter
1477 1542 1661 1573 Clienopodieus
1673 1542 1842 1573 Plzytolacceis
1858 1542 1919 1565 lini-

194 1613 271 1636 timas
290 1613 371 1643 prope
388 1612 491 1637 Belum,
506 1611 546 1634 cui
564 1609 674 1641 embryo
689 1608 836 1635 annularis,
851 1608 966 1631 stamina
981 1606 1056 1630 disco
1072 1606 1187 1633 inserta,
1203 1601 1327 1627 locanda.
1344 1602 1439 1625 Dentes
1455 1601 1521 1624 disci
1535 1601 1581 1632 qui
1595 1601 1739 1624 staminum
1754 1602 1839 1624 aciem
1853 1601 1919 1624 inte-

193 1671 291 1694 riorem
312 1677 356 1694 seu
376 1669 598 1694 staminodiorum
613 1668 727 1701 prodere
744 1667 882 1695 videntur,
898 1672 956 1697 qute
969 1671 1009 1688 res
1024 1665 1050 1687 in
1064 1663 1115 1686 hoc
1130 1661 1225 1686 ordine
1239 1661 1319 1684 valde
1333 1659 1482 1686 abnormis,
1501 1659 1570 1682 hanc
1588 1659 1849 1690 approximationem
1869 1659 1917 1682 soti

194 1734 294 1756 vetant,
308 1729 392 1753 sedni
407 1728 526 1753 fallimur
539 1729 564 1751 in
583 1729 642 1751 Rem
658 1728 785 1751 maritima
802 1726 868 1749 intra
888 1725 1002 1748 stamina
1014 1721 1185 1747 crassisicatio
1195 1720 1317 1752 quaedam
1329 1719 1407 1745 disci,
1418 1723 1513 1741 nostra?
1527 1717 1621 1749 plantae
1634 1718 1699 1741 disci
1713 1717 1855 1741 denticulis
1869 1725 1919 1741 non

195 1788 304 1812 omnino
320 1787 460 1812 dissimilis
474 1787 596 1818 quamvis
608 1785 745 1809 multoties
761 1785 875 1813 tenuior,
893 1782 1017 1811 occurrit,
1033 1781 1078 1805 sed
1090 1779 1169 1812 hujus
1183 1786 1215 1803 ex
1230 1779 1290 1801 vivo
1307 1778 1434 1802 certiores
1449 1784 1496 1800 nos
1508 1776 1595 1800 facere
1609 1784 1659 1799 non
1674 1776 1759 1800 licuit.
1774 1775 1847 1799 ldem
1857 1785 1920 1808 quo-

195 1855 247 1879 que
261 1847 452 1870 incrementum
470 1847 496 1868 in
511 1847 572 1869 Belo
587 1845 719 1869 Webbiana
733 1844 802 1875 Moq.
819 1848 844 1867 et
861 1844 886 1866 in
903 1842 995 1873 Teloxy
1010 1842 1114 1864 aristam
1128 1837 1249 1871 ejusdem
1267 1841 1387 1869 apparet.
1403 1836 1428 1860 Si
1444 1841 1531 1860 tamen
1547 1843 1632 1867 neque
1649 1836 1824 1866 Clzenopotlieis
1837 1843 1921 1867 neque

196 1905 364 1937 Pltytolacceis
376 1905 410 1928 ob
424 1905 491 1928 hanc
506 1903 729 1928 staminodiorum
743 1906 858 1926 turmam
872 1899 1031 1927 addicenda,
1046 1898 1167 1923 ordinem
1182 1902 1236 1921 tum
1250 1898 1320 1921 certe
1338 1895 1420 1920 multo
1436 1896 1516 1919 nimis
1531 1902 1651 1919 macrum
1665 1894 1709 1919 sed
1726 1894 1847 1918 ordinem
1862 1902 1922 1926 pro-

199 1965 286 1996 prium
302 1964 345 1986 vix
359 1962 419 1986 aliis
432 1958 494 1986 utti's
505 1961 653 1986 affiniorem
666 1960 771 1985 efficiet.

816 2113 1080 2164 BOSEA.
1126 2113 1293 2162 LINN.

258 2246 400 2292 CALYX
420 2250 675 2306 5-partitus,
697 2249 869 2292 laciniis
889 2249 1033 2292 ovatis
1054 2246 1428 2291 membranaceis.
1451 2244 1653 2288 Conona
1671 2244 1810 2286 nulla.
1826 2242 1925 2286 STA-

202 2345 310 2376 MINA
326 2332 374 2374 in
390 2331 575 2375 floribus
591 2319 802 2375 masculis
818 2335 859 2384 5,
875 2331 1034 2387 calycis
1054 2330 1226 2374 laciniis
1244 2330 1461 2388 opposita7
1479 2329 1587 2371 disci
1608 2327 1739 2370 crassi
1759 2326 1926 2382 sub'hy-

203 2416 367 2474 pogyni
387 2415 509 2458 intra
532 2416 728 2459 stamina
747 2415 921 2459 dentati
940 2416 1138 2473 margini
1154 2416 1336 2465 inserta„
1357 2412 1600 2456 filamentis
1618 2411 1712 2454 basi
1730 2410 1925 2452 dilatatis

203 2501 325 2558 apice
348 2499 580 2552 subulatis‚
601 2501 808 2557 margine
825 2500 1222 2557 levibu87calycem
1242 2497 1575 2548 excedentibus,
1593 2495 1798 2538 antheris
1822 2494 1927 2536 bilo-

205 2582 433 2626 cularibus
461 2583 789 2639 longitrorsum
816 2583 1176 2636 dehiscentibus,
1200 2580 1504 2630 versatilibus„
1531 2579 1581 2620 in
1599 2577 1926 2635 praessoratioue

207 2665 435 2718 extremis,
459 2666 509 2707 in
533 2665 717 2710 fioribus
749 2666 953 2711 femineis
980 2670 1004 2710 3
1029 2667 1102 2710 vel
1129 2670 1154 2710 5
1180 2663 1528 2709 rudimentaria.
1553 2660 1777 2705 Ovarium
1808 2660 1928 2703 floris

207 2748 396 2792 masculi
415 2748 931 2806 pyrami'dato—ovatum,
943 2749 1128 2793 feminei
1145 2755 1352 2800 ovatum,
1367 2744 1620 2797 1-loculare,
1636 2742 1928 2792 1-ovntatum„

209 2831 345 2874 ovulo
366 2832 709 2890 campylotropo
724 2832 920 2876 basifixo.
942 2830 1070 2875 §Tm
1087 2834 1124 2883 3,
1144 2829 1342 2880 recurvi,
1361 2828 1486 2870 intus
1503 2825 1766 2882 stigmatosi.
1786 2825 1929 2868 BACCA

212 2912 405 2969 globosa,
421 2914 612 2959 demum
626 2930 822 2966 exsucca,
838 2915 985 2971 calyce
1002 2914 1262 2972 persistente
1274 2910 1499 2956 subtensa.
1514 2907 1664 2969 SEMEN
1678 2906 1929 2963 globosum,

212 3004 428 3051 erectum,
450 2998 564 3042 testa
580 2999 823 3050 crustacea,
842 2999 943 3049 levi,
963 2996 1120 3040 nitida.
1139 2996 1329 3040 EMBRYO
1344 2992 1580 3038 annularis
1600 2990 1928 3049 perispermum
