2530 3969
1388 503 1556 550 (280)

1066 763 1660 840 ABIETINEAE.
1715 771 1886 843 Rmn.

1245 1047 1497 1099 PINUS.
1548 1051 1708 1102 L1NN.

1081 1154 1400 1217 ENDLICH.‚
1431 1158 1566 1208 Gen.
1599 1178 1713 1230 pag.
1748 1161 1867 1211 260.

1021 1326 1055 1367 1.
1087 1323 1295 1368 PINUS
1326 1324 1797 1374 CANARIENSIS.
1829 1328 1930 1374 DC.

664 1434 700 1466 P.
725 1439 843 1467 trunco
862 1444 1019 1480 procero,
1041 1435 1190 1480 squamis
1211 1434 1355 1470 foliaceis
1375 1436 1743 1482 oblongo-linearibus,
1760 1438 1884 1483 acutis,
1899 1438 1978 1473 albo
1998 1439 2136 1480 cuiatis,
2156 1437 2335 1482 revolutis3

612 1505 697 1539 soliis
707 1506 858 1553 (spuriis)
871 1507 966 1541 trinis
979 1507 1173 1554 gracilibus,
1186 1510 1305 1554 acutis,
1319 1512 1472 1558 margine
1482 1521 1517 1547 et
1528 1525 1633 1547 nervo
1647 1513 1760 1548 medio
1771 1511 2105 1556 serrato-scamellis,
2116 1511 2333 1558 longissimis,

616 1579 708 1623 laxis,
724 1580 889 1615 viridibus
903 1594 913 1625 3
928 1583 1071 1616 amentis
1082 1583 1235 1618 femineis
1248 1593 1281 1619 et
1294 1585 1648 1633 strobilisjunioribus
1661 1587 1796 1631 erectis,
1816 1587 1941 1622 adultis
1954 1586 2253 1633 elongato-ovans,
2267 1598 2335 1621 rec-

613 1654 666 1697 tis,
689 1654 831 1698 obtusis,
848 1655 997 1690 breviter
1012 1656 1257 1703 pedunculatis,
1275 1660 1426 1705 squamis
1444 1659 1690 1705 rhomboideis,
1708 1661 1879 1704 convexis,
1897 1660 2011 1695 medio
2029 1660 2061 1694 in
2076 1659 2264 1694 umbonem
2276 1659 2335 1693 ob-

612 1735 725 1762 tusum
742 1730 941 1776 protractis3
961 1731 1088 1765 semine
1102 1732 1162 1766 alis
1176 1732 1348 1780 subduplo
1366 1733 1537 1768 breviore.

650 1801 745 1831 Pinus
756 1803 944 1833 canariensis.
965 1804 1031 1834 Clzr.
1048 1804 1149 1833 Smillz.
1169 1805 1198 1834 in
1212 1806 1303 1836 Buch.
1324 1806 1454 1843 Besclzr.,
1473 1807 1542 1837 Can.
1563 1808 1639 1844 Ins.‚
1653 1818 1724 1846 pag.
1743 1808 1812 1839 159.
1828 1807 1920 1845 Buclz,
1935 1807 2015 1842 ibid„
2031 1818 2099 1847 pag.
2121 1807 2188 1837 184.
2201 1823 2241 1829 -
2252 1806 2331 1842 DC„

609 1867 651 1906 pl.
664 1878 722 1898 rar.
736 1867 860 1907 dujard.
875 1868 908 1897 de
919 1869 1005 1906 Gen„
1019 1880 1090 1910 pag.
1106 1872 1119 1899 1
1129 1893 1136 1907 ‚
1152 1871 1207 1900 (ab.
1223 1873 1236 1900 1
1251 1879 1276 1900 et
1287 1873 1317 1902 2.

662 1935 748 1968 ΗΑΒ,
780 1936 834 1968 De
853 1936 975 1981 pinetis
993 1937 1249 1972 Nivariensibus
1269 1946 1303 1972 et
1324 1939 1485 1985 pinorum
1506 1940 1645 1986 regione
1664 1940 1723 1974 alt.
1746 1943 1840 1975 liooo
1862 1940 1932 1975 fere
1953 1939 1996 1975 ad
2018 1939 2110 1974 6000
2133 1938 2211 1986 ped.
2238 1939 2329 1973 conf.

611 2010 760 2056 priorem
782 2009 923 2057 hujusce
939 2011 1121 2046 voluminis
1139 2020 1271 2059 partem
1290 2012 1434 2061 (Geogr.
1450 2013 1539 2060 Bot.)
1554 2014 1649 2049 deest
1665 2014 1736 2049 haec
1750 2014 1853 2049 arbos
1869 2015 1900 2048 in
1921 2014 2135 2061 Purpurariis
2155 2026 2232 2060 quae
2243 2026 2333 2048 nunc

609 2085 813 2119 Lancerotta
838 2093 871 2119 et
895 2086 1007 2120 Fortis
1025 2088 1185 2121 Fortunae
1206 2087 1324 2122 insula.
1347 2090 1384 2122 In
1411 2090 1562 2124 Gomera
1584 2097 1725 2124 truncus
1747 2090 1865 2123 unicus
1887 2100 2048 2124 cacumen
2072 2089 2168 2136 rupis
2189 2088 2332 2135 Agando

611 2159 816 2193 rusticorum
839 2160 1014 2194 securibus
1032 2168 1125 2195 tutus
1144 2170 1301 2204 coronat,
1324 2170 1357 2196 et
1375 2163 1407 2196 in
1423 2164 1546 2198 Hierro
1564 2164 1719 2211 pinetum
1737 2176 1778 2198 ex
1793 2164 1836 2198 cl.
1855 2166 2032 2211 Bourgeau
2051 2163 2105 2208 (el
2116 2164 2262 2210 Pinar)
2282 2175 2332 2197 ar-

609 2232 754 2268 boribus
767 2233 910 2268 densum
927 2242 1029 2269 extat.
1051 2237 1088 2269 In
1102 2220 1218 2270 Palma
1234 2244 1268 2270 et
1282 2238 1424 2272 Canaria
1442 2238 1554 2284 pineta
1573 2239 1739 2286 plurima,
1763 2237 1823 2272 sed
1838 2243 1950 2272 omnia
1975 2250 2066 2271 nunc
2085 2245 2121 2271 ut
2142 2238 2174 2271 in
2196 2237 2331 2272 Nivaria

611 2306 792 2342 arboribus
813 2307 922 2342 effetis
943 2309 1065 2356 sparsis
1086 2311 1239 2357 rarisque
1264 2311 1434 2355 habitata,
1455 2324 1538 2358 quas
1560 2313 1688 2346 circum
1705 2312 1859 2358 juniores
1876 2312 1931 2345 vix
1952 2312 2029 2346 ullze
2045 2319 2103 2345 aut
2122 2311 2331 2358 paucissimae

610 2384 833 2431 repullulant3
846 2384 954 2431 (tanta
970 2385 1173 2419 colonorum
1186 2386 1313 2420 incuria
1325 2385 1353 2433 l)
1368 2387 1473 2435 sylvas
1485 2387 1638 2434 juniores
1652 2387 1746 2422 binas
1761 2388 1794 2421 in
1811 2387 1982 2422 Tenerifsa
1997 2387 2138 2421 alteram
2153 2387 2240 2420 inter
2255 2399 2331 2421 con-

610 2458 728 2492 vallem
746 2458 943 2494 Barrcmco
963 2458 1097 2494 Hondo
1116 2468 1151 2495 et
1169 2462 1344 2508 Yguesten
1362 2462 1503 2496 alteram
1521 2474 1622 2509 super
1641 2462 1809 2510 oppidum
1829 2461 1931 2506 Icod,
1954 2462 2086 2496 unicam
2106 2460 2142 2495 in
2162 2461 2275 2495 Palma
2296 2461 2328 2494 in

609 2533 659 2567 via
675 2544 752 2578 quae
765 2532 807 2567 ad
822 2544 947 2580 pagum
966 2533 1203 2567 Fuencaliente
1223 2533 1396 2578 conducit,
1422 2534 1580 2570 vidimus.

659 2608 810 2641 D1srmss.
828 2618 954 2641 GEOGR.
972 2607 1086 2641 Arbor
1100 2615 1150 2641 est
1167 2609 1432 2643 Fortunatarum
1450 2609 1600 2657 propria.

648 2678 753 2707 Dasea.
777 2678 872 2708 Arbor
886 2679 1010 2715 excelsa,
1026 2680 1118 2708 ramis
1129 2679 1190 2708 late
1204 2679 1380 2718 patentibus
1395 2682 1478 2720 apice
1492 2682 1729 2712 frondosissimis
1738 2704 1745 2718 ‚
1763 2691 1961 2722 squamarum
1975 2680 2171 2710 foliacearum
2185 2681 2329 2710 cicatrici-

607 2742 666 2772 bus
676 2743 989 2773 rhomboideo-ovatis
1003 2743 1173 2781 tessellatis,
1185 2743 1313 2773 alburno
1327 2744 1491 2775 lutescente
1501 2756 1517 2775 e
1529 2745 1612 2775 fibris
1628 2745 1792 2775 laxioribus
1807 2745 1927 2775 circulis
1941 2746 2093 2774 annotinis
2108 2744 2274 2775 intervallis
2284 2744 2328 2774 la-

608 2808 744 2838 tiusculis
758 2808 912 2847 dispositis
921 2831 930 2846 ,
946 2808 1027 2848 ligno
1040 2819 1111 2838 vero
1121 2808 1376 2847 ponderosissimo
1388 2811 1485 2839 resina
1497 2812 1615 2850 copiosa
1627 2818 1758 2840 scatente
1771 2818 1801 2841 et
1815 2811 1886 2840 inde
1902 2817 1956 2848 tea,
1973 2821 2039 2850 quae
2051 2810 2138 2848 taeda,
2152 2810 2234 2839 dicto
2245 2832 2253 2847 ,
2271 2809 2328 2839 sub

608 2874 659 2903 dio
672 2884 726 2913 per
740 2872 839 2902 secula
853 2872 997 2908 durabili,
1007 2874 1169 2903 vetustiore
1185 2875 1234 2902 vix
1247 2884 1280 2903 ac
1294 2884 1332 2903 ne
1343 2875 1392 2904 vix
1403 2885 1488 2915 aquae
1503 2876 1667 2906 innatante.
1683 2876 1775 2905 Poma
1786 2883 1883 2911 terna,
1894 2876 2105 2914 perennantia,
2114 2875 2247 2904 saturat&
2259 2875 2329 2904 viri-

608 2939 669 2976 dia,
690 2940 772 2968 8-10-
783 2937 954 2978 polhearia,
970 2937 1078 2967 subtus
1092 2938 1267 2975 rotundata,
1283 2941 1374 2978 supra
1388 2938 1595 2976 canaliculata,
1614 2949 1707 2969 nervo
1722 2939 1824 2969 medio
1838 2940 2030 2978 prominente
2045 2938 2208 2976 scabrello,
2223 2946 2326 2976 acuta,

605 3006 740 3044 margine
754 3005 858 3044 argute
873 3003 1076 3041 denticulata,
1092 3004 1200 3043 vagina
1215 3006 1232 3033 6
1247 3004 1302 3033 liu.
1320 3004 1408 3044 longa
1422 3005 1549 3034 scariosa
1564 3004 1659 3034 lacera
1674 3004 1786 3044 pilosa,
1803 3006 1818 3033 ὲ
1834 3005 1970 3044 squamis
1984 3004 2126 3043 plurimis
2139 3004 2275 3044 apicibus
2290 3003 2327 3033 li-

603 3072 682 3102 beris
694 3071 836 3102 confecta.
852 3070 978 3107 SQUAMAE
988 3069 1072 3108 (folia
1084 3072 1163 3107 vera)
1178 3079 1335 3100 ramorum
1347 3071 1537 3101 nascentium
1550 3069 1836 3110 oblongo-lineares,
1852 3076 1947 3099 acutae
1958 3070 2093 3110 margine
2103 3069 2233 3099 fimbriis
2246 3068 2325 3099 albi-
