2530 3969
981 504 1153 551 (359)

208 599 446 638 complanatum,
457 598 520 628 basi
535 597 685 637 profunde
700 594 941 625 canaliculatum.
956 592 1062 621 ὅπως
1076 591 1243 630 elongatus,
1255 590 1367 630 glaber.
1386 591 1487 619 Oxum
1504 599 1538 620 ut
1554 591 1586 619 in
1600 593 1808 622 antecedente.
1825 594 1935 624 ΒΗΜΛ
1966 599 1969 603 '

207 664 534 702 ovato-capitellatum.
553 663 675 692 Ctpsum
697 660 868 693 chartacea,
886 657 993 686 striata
1006 679 1013 692 ,
1031 655 1213 695 glaberrima
1225 678 1232 691 ,
1252 655 1464 693 margaritacea
1476 677 1483 691 ‚
1502 655 1682 685 3-locularis
1694 679 1701 692 ,
1720 657 1825 686 loculis
1851 666 1883 687 ut
1906 660 1936 688 in

209 728 415 760 antecedente.
429 729 542 759 Sanum
558 722 933 757 reticulato-scrobiculata
942 744 950 758 ‚
966 721 1188 750 fusco-cinerea
1197 743 1205 757 ‚
1218 719 1402 759 puncticulis
1416 719 1540 749 elevatis
1552 719 1688 749 candidis
1700 727 1815 757 notata,
1828 722 1935 751 fossula

210 796 383 823 transversa
394 793 649 833 interembryonis
657 789 805 821 soveolam
816 795 847 817 et
858 787 965 817 hilum
977 796 1128 826 percursa.
1142 785 1263 814 Emmro
1275 784 1494 822 trochiformis‚
1507 785 1546 814 ad
1559 785 1726 815 radiculam
1740 787 1919 816 incrassatus
1929 810 1936 823 ,

207 861 396 890 extremitate
411 859 604 899 cotyledonea
619 855 781 886 rotundata
796 853 899 882 medio
913 851 1076 891 apiculata‚
1091 858 1196 880 caetera
1211 858 1245 880 ut
1260 851 1290 880 iu
1305 851 1404 890 specie
1418 851 1622 881 antecedente.

247 925 312 954 Osss.
331 925 397 954 Haec
413 924 523 963 species
538 921 680 952 notabilis
695 926 740 949 est
754 919 794 948 ob
808 928 908 947 ramos
924 917 1080 947 inferiores
1094 916 1225 946 deflexos
1240 916 1389 956 floresque
1404 916 1563 956 hypogaeos
1577 927 1654 957 quos
1670 917 1699 945 iu
1718 916 1801 946 nulla
1816 917 1873 946 alia
1891 919 1938 947 vi-

207 990 318 1022 dimus.
337 990 373 1019 In
388 990 443 1019 hac
458 989 559 1028 planta
573 986 684 1017 fossula
700 995 767 1025 quae
782 984 885 1014 hilum
900 995 972 1014 cum
988 983 1105 1013 foveola
1120 983 1295 1023 embryonis
1311 983 1467 1022 conjungit
1482 982 1569 1013 valde
1583 984 1754 1023 conspicua.

786 1115 1074 1147 EXPLICATIO
1115 1115 1220 1146 ΤΑΒ.
1262 1104 1358 1146 239.

264 1229 292 1250 1.
315 1214 430 1249 Planta
456 1213 587 1259 integra
613 1224 703 1257 mag.
729 1219 798 1245 nat.
824 1211 944 1257 ligura:
967 1211 1108 1257 reliquae
1132 1223 1252 1245 omnes
1277 1222 1368 1255 mag.
1395 1219 1502 1245 aucue
1529 1219 1620 1244 sunt.
1652 1224 1683 1245 2.
1713 1211 1834 1258 Spatlia
1863 1224 1940 1245 cum

210 1288 303 1323 llos-is
321 1286 457 1321 masculi
471 1286 540 1333 jam
559 1284 715 1320 deflorati
731 1284 899 1331 pedicello
917 1294 1053 1319 exserto
1065 1313 1072 1327 ,
1088 1285 1241 1320 femineis
1257 1297 1319 1333 per
1335 1285 1573 1319 membranam
1595 1285 1832 1320 translucidum
1850 1285 1938 1319 visis.

209 1363 244 1399 3.
268 1361 392 1409 Spatha
418 1360 559 1395 dissecta
586 1366 620 1393 et
646 1367 719 1393 arte
745 1368 873 1407 aperta.
896 1360 931 1404 4.
957 1360 1047 1394 Flos.
1073 1359 1106 1394 5.
1128 1359 1223 1394 Idem
1246 1360 1360 1394 ovario
1384 1368 1519 1394 exsecto
1539 1368 1575 1394 ut
1594 1368 1781 1407 appareant
1799 1360 1941 1394 stamina

210 1435 377 1483 perigonii
405 1434 531 1469 laciniis
554 1433 709 1481 opposita
737 1441 839 1480 atque
861 1434 975 1468 onmia
1002 1442 1077 1468 toro
1102 1434 1288 1482 hypogyno
1314 1434 1450 1469 inserta.
1482 1434 1517 1469 6.
1546 1434 1712 1468 Pislillum
1743 1435 1938 1482 innuptum.

210 1524 244 1557 7.
269 1509 437 1544 Pistillum
464 1516 652 1544 maturum.
677 1509 711 1543 8.
735 1511 864 1543 Ramus
886 1508 1074 1557 hypogzeus
1098 1520 1176 1543 cum
1201 1508 1343 1543 lloribus
1365 1508 1613 1552 subterraneis,
1630 1522 1654 1543 ιι
1672 1509 1822 1553 bractea,
1838 1507 1860 1543 b
1879 1508 1944 1543 ssos

210 1583 326 1631 spatha
345 1583 546 1625 obvolutus,
569 1596 586 1617 c
605 1583 668 1617 ssos
683 1582 799 1630 junior
819 1582 952 1617 bractea
973 1591 1094 1617 tectus.
1114 1596 1147 1629 9.
1168 1583 1373 1630 Flosjunior
1389 1583 1441 1617 cui
1458 1582 1593 1618 bractea
1611 1596 1651 1617 ex
1672 1591 1767 1631 parte
1784 1583 1940 1617 abscissa.

217 1671 270 1692 10.
289 1657 412 1705 Spatha
431 1657 650 1692 subterranea
667 1664 756 1691 secta
777 1664 811 1690 et
828 1664 902 1691 arte
921 1664 1036 1704 aperta
1057 1665 1093 1691 ut
1109 1665 1271 1704 appareat
1286 1656 1442 1692 ovarium
1460 1657 1675 1692 fecundatum
1692 1658 1776 1692 ssore
1791 1656 1943 1692 marcido

213 1732 285 1767 basi
307 1733 470 1767 cinctum.
503 1744 555 1766 11.
581 1731 727 1780 Capsula
755 1739 887 1765 matura
916 1730 1106 1766 dehiscens.
1139 1744 1192 1765 12.
1221 1732 1367 1780 Capsula
1393 1740 1508 1780 aperta
1531 1740 1568 1767 ut
1596 1732 1821 1780 conspiciatur
1852 1732 1943 1766 valva

215 1806 363 1841 exterior
381 1818 460 1840 cum
478 1805 724 1854 dissepimento
744 1805 862 1841 medio
880 1805 998 1840 relicto
1017 1813 1052 1840 et
1070 1805 1213 1840 valvulae
1236 1818 1257 1840 2
1285 1806 1472 1841 exteriores
1495 1818 1573 1854 qua:
1598 1806 1748 1841 loculum
1772 1805 1944 1841 dorsalcm

215 1880 481 1915 indehiscentem
503 1879 675 1924 efficiunt,
697 1880 826 1915 semine
848 1892 908 1927 per
933 1880 1172 1929 dissepimenta
1193 1880 1360 1929 pellucida
1384 1882 1469 1916 viso.
1503 1880 1557 1916 13.
1585 1883 1706 1916 Semen
1731 1880 1884 1916 nondum
1906 1894 1946 1916 ex

216 1962 290 1990 toto
306 1962 480 1989 maturum
495 1955 513 1988 e
529 1954 643 1989 loculo
660 1954 785 1989 dorsali
806 1955 1001 2002 abreptum,
1013 1955 1246 2004 dissepimeuti
1265 1955 1401 1990 lacerati
1420 1955 1533 1990 nervis
1551 1954 1621 1990 hilo
1638 1955 1753 1991 adhuc
1766 1955 1946 1990 adhaeren-

215 2027 318 2063 tibus.
348 2028 400 2074 14.
427 2029 540 2063 Loculi
560 2029 741 2063 anterioris
756 2041 874 2064 semen
893 2038 1081 2064 maturum.
1107 2033 1157 2064 15.
1181 2031 1302 2064 Semen
1326 2039 1512 2066 maturum.
1542 2030 1598 2065 16.
1619 2032 1741 2065 Semen
1763 2030 1948 2076 lougitror-

215 2102 292 2137 sum
313 2110 442 2138 sectum
464 2112 501 2138 ut
522 2111 683 2151 appareat
704 2103 905 2151 embryonis
931 2104 1110 2139 latibulum
1133 2105 1254 2141 rimula
1276 2117 1491 2154 percursam.
1526 2118 1580 2154 ¹7·
1608 2104 1704 2141 Idem
1725 2105 1867 2141 latibulo
1889 2117 1950 2152 per

217 2176 369 2212 medium
387 2185 479 2212 secto
494 2186 531 2212 ut
544 2185 705 2226 appareat
720 2176 879 2224 embryo.
903 2178 957 2213 ι8.
979 2176 1145 2226 Embryo.
