2530 3969
995 450 1163 496 (181)

272 550 359 582 ΗΑΒ.
378 548 473 581 Hanc
493 546 641 593 plantam
658 544 691 577 in
712 542 906 576 continente
920 540 1098 574 Teneriffae
1117 541 1207 574 terra
1221 539 1290 586 jam
1311 539 1443 586 pridem
1457 541 1506 573 uti
1525 540 1692 575 creditum
1712 542 1771 576 fuit
1789 544 1937 591 extirpa-

222 629 314 665 tam,
327 631 502 666 quamque
522 619 554 652 in
574 617 679 651 hortis
698 615 827 649 tantum
852 612 1058 661 hospitatam
1074 612 1236 647 viderunt
1255 612 1464 646 solertissimi
1479 613 1541 647 viri
1561 612 1644 647 Chr.
1661 614 1771 647 Smitli
1793 623 1827 649 et
1849 618 1939 651 Leo-

222 693 348 741 poldus
373 693 416 727 de
437 691 528 727 Buch
542 718 550 734 ‚
569 687 779 736 recuperavit
797 686 840 720 cl.
858 685 1087 720 Berthelotius
1103 713 1111 728 ,
1127 686 1186 732 qui
1205 697 1281 719 eam
1303 686 1336 719 in
1352 685 1499 731 scopulis
1516 684 1652 720 duobus
1670 685 1714 719 ab
1735 687 1829 720 omni
1844 696 1939 733 parte

220 767 369 814 praecisis
401 766 509 813 prope
535 763 645 798 sinum
673 769 856 807 angustum
884 759 918 793 el
946 757 1132 806 Burgatlo
1159 758 1289 793 dictum
1317 758 1360 792 ad
1390 770 1546 793 occasum
1573 760 1696 793 Portus
1719 760 1941 795 Orotavensis

220 839 377 875 omnium
390 838 520 884 primus
534 835 728 880 indigenam
752 839 828 879 post
849 833 1130 867 Broussonetium
1147 832 1228 879 legit
1247 839 1281 866 et
1298 843 1362 866 nos
1377 831 1503 879 reperti
1522 831 1627 865 felicis
1646 832 1828 879 participes
1845 833 1936 867 fecit.

219 911 328 959 Hujus
342 911 407 945 loci
423 916 598 956 aspectum
614 906 736 941 tabella
752 906 895 953 exprimi
917 906 1111 949 statuimus,
1127 905 1198 940 vid.
1214 904 1293 939 Atl.
1308 916 1397 939 vaes
1407 902 1887 952 phytostatiqzces,planclze
1905 907 1940 950 8,

202 984 279 1030 fig.
304 982 339 1017 3.
363 984 448 1016 Eam
469 992 579 1027 nuper
599 980 632 1013 in
651 979 795 1026 rupibus
812 979 992 1014 Tenet-iffa]
1011 979 1177 1027 oppositis
1197 979 1324 1013 invenit
1346 979 1389 1013 cl.
1415 981 1594 1025 Bourgeau
1610 978 1766 1013 cautibus
1785 978 1935 1014 insiden-

216 1064 285 1091 tem
299 1056 375 1091 loco
394 1054 486 1090 dicto
506 1055 560 1089 La
577 1052 723 1089 Delzesa
738 1052 780 1087 de
796 1052 850 1088 los
865 1052 1037 1100 Frayles.

266 1131 419 1165 DisTmB.
442 1139 571 1162 GEooR.
592 1127 702 1174 Stirps
718 1134 822 1161 estex
835 1134 910 1161 toto
927 1127 1154 1161 Canariensis.

789 1239 926 1269 EXPLI
938 1238 1084 1269 CATIO
1126 1237 1231 1269 TAB.
1278 1228 1373 1269 194.

266 1335 296 1356 1.
319 1322 447 1355 Ramus
465 1319 683 1354 secundarius
698 1319 838 1354 florifer.
864 1333 897 1356 2.
917 1323 1046 1356 Ramus
1065 1322 1188 1356 fortior
1203 1322 1331 1356 florifer
1350 1333 1452 1369 scapo
1469 1321 1616 1356 abscisso
1637 1322 1742 1357 ambo
1760 1323 1934 1370 magnitu-

211 1395 290 1431 dine
307 1394 464 1429 naturali.
482 1392 516 1427 3.
540 1393 636 1440 Spica
658 1393 845 1428 multiflora
860 1401 947 1428 utet
966 1394 1086 1440 figurae
1108 1406 1228 1429 omnes
1251 1407 1328 1441 qua:
1347 1403 1540 1442 sequuntur
1557 1395 1794 1442 magnitudine
1821 1404 1930 1431 aucta.

210 1469 245 1513 4.
263 1468 396 1516 Spicula
418 1467 575 1502 unillora.
593 1467 627 1502 5.
647 1470 788 1502 Bractea
813 1468 972 1503 exterior.
993 1468 1027 1502 6.
1050 1470 1190 1503 Bractea
1214 1469 1368 1504 interior.
1383 1482 1417 1516 7.
1431 1469 1537 1516 Calyx
1552 1469 1802 1517 longitrorst'im
1824 1478 1935 1505 sectus

210 1551 248 1577 ut
266 1542 494 1588 conspiciatur
505 1541 649 1576 corolla.
671 1543 706 1577 S.
724 1542 862 1576 Corolla
885 1549 974 1575 secta
993 1550 1028 1576 et
1046 1542 1225 1589 explanata
1240 1550 1278 1576 ut
1300 1542 1495 1590 petalorum
1514 1555 1647 1589 ungues
1665 1543 1848 1578 filamentis
1864 1544 1936 1579 basi

208 1615 451 1662 glanduligeris
466 1615 608 1649 connexi
627 1621 826 1661 appareant.
848 1626 881 1660 9.
899 1614 1053 1649 Petalum
1071 1627 1150 1650 cum
1172 1616 1314 1650 stamine
1334 1623 1406 1651 arte
1427 1616 1596 1652 avulsum.
1617 1629 1673 1652 10.
1690 1617 1854 1652 Ovarium
1870 1626 1937 1652 sta—

208 1689 340 1723 minum
356 1689 488 1735 cupella
510 1695 726 1723 coronatum.
751 1700 761 1721 1
777 1701 806 1722 1.
825 1686 987 1734 Ejusdem
1005 1700 1083 1734 pars
1096 1687 1252 1734 superior
1265 1688 1514 1735 longitrorsum
1533 1697 1678 1724 sectum.
1702 1702 1757 1724 12.
1777 1691 1937 1725 Staminis

208 1775 285 1810 pars
314 1762 470 1810 superior
492 1775 571 1796 cum
601 1762 744 1796 anthera
774 1762 969 1796 antrorsum
998 1762 1078 1795 visa.
1110 1760 1163 1795 13.
1194 1761 1323 1795 Eadem
1350 1763 1368 1796 a
1395 1770 1494 1810 tergo
1510 1763 1593 1798 visa.
1614 1763 1667 1807 14.
1684 1764 1842 1798 Staminis
1858 1776 1933 1811 pars

208 1837 363 1883 superior
378 1848 459 1870 cum
479 1835 621 1870 anthera
643 1835 754 1870 effeta.

598 1937 636 1978 7.
683 1932 972 1978 STATICE
1018 1935 1376 1980 PREAUXII.
1423 1936 1552 1981 Noss.

257 2042 291 2075 S.
306 2041 402 2075 caule
422 2040 643 2083 frutescente,
663 2040 751 2074 soliis
766 2039 931 2074 brevibus
951 2040 1017 2075 late
1036 2041 1297 2077 subrotundatis
1310 2043 1363 2077 vel
1381 2043 1661 2090 triangularibuS,
1679 2044 1813 2089 crassis⁷
1829 2044 1936 2079 coria-

207 2115 291 2158 ceis,
307 2115 460 2161 margine
477 2112 770 2148 croso-undulatis
782 2139 792 2157 ,
809 2113 910 2160 longe
931 2114 1119 2160 petiolatis,
1137 2116 1266 2162 petiolo
1280 2117 1501 2152 teretiusculo
1517 2117 1590 2151 basi
1612 2117 1754 2152 dilatato
1769 2117 1934 2165 amplexi-

206 2187 310 2231 cauli3
326 2198 426 2234 scapo
441 2187 656 2234 complanato
673 2186 806 2233 angulis
824 2187 931 2221 acutis
943 2187 999 2221 vix
1015 2187 1223 2234 marginato,
1237 2189 1374 2236 spiculis
1393 2189 1503 2236 planis
1517 2190 1668 2234 exalatis‚
1684 2190 1823 2225 bractea
1842 2191 1931 2225 inte-

204 2262 295 2296 riore
318 2261 413 2308 apice
433 2262 609 2304 truncata,
633 2260 867 2304 subsca1¹iosa‚
889 2260 1117 2295 exterioribus
1140 2262 1301 2309 oblongis
1323 2263 1524 2297 acuminatis
1543 2264 1598 2298 vix
1618 2263 1725 2312 duplo
1752 2266 1931 2313 longiore3

205 2335 324 2382 calycis
342 2334 438 2369 limbi
460 2334 563 2380 ampli
583 2334 717 2381 angulis
737 2334 1101 2380 muticis;petalo1·um
1118 2335 1291 2383 unguibus
1311 2348 1373 2384 per
1385 2335 1642 2372 filamentorum
1666 2338 1762 2374 bases
1787 2339 1932 2386 glandu-

204 2410 293 2444 losas
310 2409 484 2454 connatis;
502 2408 621 2443 ovario
640 2407 939 2455 subcylindraceo,
957 2409 1053 2456 apice
1071 2409 1148 2456 styli
1163 2409 1301 2444 basibus
1320 2409 1542 2446 mediocriter
1554 2410 1719 2458 dilatatis,
1738 2413 1858 2448 erectis
1870 2440 1879 2458 ,
1898 2414 1931 2448 in

203 2484 372 2532 cupellam
390 2483 484 2530 apice
499 2482 659 2517 latiorem
676 2482 832 2516 connatis
851 2491 1028 2518 coronato.

252 2560 333 2593 ΗΑΒ.
367 2560 460 2591 Hanc
485 2556 634 2604 speciem
656 2556 696 2591 S.
717 2555 968 2592 arborescenti
993 2557 1133 2592 affinem
1157 2557 1217 2593 sed
1239 2566 1277 2593 ut
1295 2558 1441 2604 videtur,
1459 2571 1499 2594 ex
1524 2559 1709 2608 specimine
1735 2561 1788 2596 cui
1813 2573 1932 2609 scapus

203 2632 367 2667 emeritus
384 2638 418 2665 et
439 2631 534 2677 quasi
554 2638 706 2674 enectus,
722 2630 911 2677 diversam,
929 2633 947 2665 a
961 2633 1104 2667 Canaria
1121 2633 1213 2668 misit
1228 2634 1440 2681 DespreaUX.

251 2707 406 2741 D1sTmss.
425 2715 552 2739 GEOGR.
576 2703 695 2737 Planta
709 2710 760 2737 est
776 2703 1002 2738 Canariensis.

502 2820 539 2860 8.
571 2813 864 2859 STATICE
899 2813 1478 2861 BRASSICAEFOLIA.
1510 2817 1630 2862 Non.

250 2912 286 2946 S.
315 2910 429 2946 radice
449 2911 596 2958 lignosa,
619 2918 790 2956 tortuosa,
813 2910 1058 2958 rhizocephalis
1086 2909 1141 2946 1-3
1165 2911 1327 2946 foliorum
1353 2911 1565 2947 cicatricibus
1583 2913 1783 2960 proximatis
1801 2916 1927 2950 notatis

201 2985 380 3029 coronata3
400 2983 490 3019 foliis
509 2983 658 3019 molliter
678 2983 961 3031 pubescentibus,
981 2983 1190 3019 subcinereis
1211 2983 1254 3019 ad
1273 2996 1373 3020 venas
1397 2986 1740 3033 purpurascentibus,
1760 2986 1924 3035 panduri-
