2530 3969
1230 453 1369 500 (30)

449 552 524 575 Linn.
538 549 592 574 Sub
614 549 707 573 eodem
723 553 811 572 tamen
825 548 933 572 nomine
947 546 1046 570 radicis
1063 545 1142 578 hujus
1155 546 1260 577 copiam
1275 545 1301 568 in
1315 546 1447 576 Europam
1463 544 1590 568 miserunt
1602 542 1688 567 coloni
1707 541 1879 565 Canarienses
1898 539 2122 572 permutandique
2142 540 2176 563 iis

449 615 541 634 ansam
559 615 610 632 non
628 606 792 631 mediocrem
813 604 967 638 praebebat,
987 603 1056 628 unde
1076 603 1166 636 planta
1181 603 1235 627 sere
1250 603 1402 634 exstirpata.
1417 603 1474 626 Mox
1489 601 1626 633 Aspalathi
1643 607 1740 624 nomen
1753 597 1880 622 induebat
1898 597 1943 622 sed
1956 605 2063 628 ἀσπάλαθος
2077 598 2175 633 cytisus

449 670 504 691 erat
517 667 611 697 laniger
621 666 671 690 DC.
683 665 728 697 qui
741 668 766 690 et
780 671 850 688 nunc
862 663 1029 688 Neo-Graecis
1043 668 1160 687 ἀσπαλάθιια
1174 666 1199 686 et
1214 666 1325 688 ὰσπάλατος
1339 661 1380 685 vel
1393 668 1425 684 ex
1439 659 1524 684 celeb.
1537 657 1647 689 Lindley
1658 659 1710 689 (Η.
1722 665 1809 688 gyrwe„
1821 657 1868 680 vol.
1882 658 1922 687 10,
1934 666 1993 689 pay.
2008 659 2061 690 84),
2074 660 2175 683 Genista

449 725 627 749 acanthoclada
641 724 692 748 DC.
706 724 816 756 aliaeque
834 723 951 747 littorum
968 724 1049 747 maris
1065 723 1162 746 luterni
1184 722 1284 753 speeies
1303 720 1423 752 spinosae.
1443 718 1566 741 Fructum
1581 719 1606 740 et
1618 714 1793 746 embryonem
1810 714 1889 746 hujus
1905 715 2003 746 speciei
2023 715 2056 739 ad
2072 715 2175 742 calcem

450 783 506 807 tab.
522 783 567 807 ubi
583 782 688 814 depicta
702 783 731 807 R.
745 782 838 812 virqata
849 800 854 811 ‚
867 781 936 805 Nob.
952 780 1082 804 delineari
1098 780 1258 804 curavimus.

759 932 798 971 2.
838 924 1352 970 RHODORRHIZA
1391 919 1717 963 VIRGATA.
1758 919 1880 962 Non.

502 1049 544 1081 R.
562 1047 655 1081 caule
682 1047 815 1094 lignoso
839 1045 985 1080 dumoso
1000 1072 1008 1088 ‚
1025 1043 1128 1077 ramis
1150 1044 1168 1076 a
1187 1041 1258 1075 basi
1280 1039 1485 1082 divaricati53
1511 1039 1597 1073 foliis
1618 1038 1757 1073 alternis
1770 1066 1779 1082 ‚
1797 1038 2174 1085 elongato-linearibu83

448 1121 557 1168 cymis
576 1121 708 1164 crectis,
724 1119 902 1166 proliferis,
920 1118 1101 1160 2-3—to1nis‚
1120 1117 1204 1150 flore
1223 1113 1427 1148 intermedio
1448 1113 1535 1158 saepe
1556 1112 1779 1159 pedicellat03
1799 1112 1910 1158 calyce
1930 1120 2042 1156 ovato,
2055 1112 2177 1147 foliolis

449 1194 772 1229 ovato-lanceolatis
784 1221 792 1236 ,
806 1192 1000 1239 apiculati53
1020 1189 1147 1224 corolla
1165 1188 1398 1235 campanulata
1414 1187 1526 1234 calyce
1548 1185 1719 1232 subtriplo
1736 1185 1915 1232 longiore3
1934 1186 2070 1233 capsula
2075 1212 2149 1220 .....

495 1266 624 1302 Οααῖιίίί,
636 1264 740 1294 insulae
754 1264 884 1293 Canariae
898 1262 1075 1293 incolarum.

502 1334 589 1366 ΗΑΒ.
612 1334 704 1364 Hanc
732 1331 877 1376 speciem
903 1330 934 1362 in
956 1327 1134 1362 montibus
1153 1327 1250 1361 elatis
1274 1326 1385 1360 Sancti
1411 1324 1529 1359 Jacohi
1544 1352 1552 1368 ,
1572 1325 1690 1359 insulae
1708 1324 1861 1359 Canariae
1877 1352 1885 1368 ‚
1906 1337 2022 1359 mense
2036 1324 2173 1372 Aprile,

449 1417 505 1439 an.
527 1405 630 1450 1839,
649 1404 779 1438 invenit
797 1403 838 1436 cl.
856 1402 1065 1449 Dcspreaux.

498 1479 653 1511 DisTRm.
672 1489 775 1511 GEOG.
795 1478 921 1509 Erutex
936 1483 985 1509 est
1003 1474 1231 1509 Caum-iensis.

489 1550 596 1579 Descn.
611 1549 731 1578 Fnurnx
743 1559 889 1583 ramosus,
903 1549 996 1577 ramis
1010 1549 1026 1576 a
1040 1547 1105 1577 basi
1120 1547 1293 1577 divaricatis
1308 1547 1505 1586 virgatisquc,
1521 1544 1769 1575 fusco-viridibus
1781 1543 1829 1574 vel
1840 1543 2036 1581 subcinereis,
2047 1545 2178 1582 juniori-

450 1615 508 1644 bus
531 1615 659 1644 sericeis.
675 1614 700 1642 F
702 1624 765 1642 OLIA
790 1613 959 1652 pulvinulis
983 1613 1144 1642 insidentia
1156 1635 1164 1650 ,
1176 1611 1457 1652 elongato-linearia
1469 1634 1476 1649 ,
1490 1611 1606 1640 alterna
1617 1633 1625 1648 ‚
1641 1611 1708 1639 raro
1727 1610 1863 1649 opposita
1874 1632 1882 1646 ,
1898 1611 2011 1649 integra
2022 1632 2031 1646 ,
2044 1611 2178 1649 margine

449 1680 540 1719 plana
554 1679 602 1709 vel
624 1678 819 1708 subi-evoluta
832 1701 839 1714 ,
855 1685 941 1707 acuta
952 1701 960 1716 ‚
976 1679 1291 1708 sericeo-virescentia.
1311 1678 1425 1706 FLonEs
1443 1677 1481 1706 ad
1501 1677 1616 1716 apicem
1638 1686 1796 1705 ramorum
1814 1674 2157 1713 subdivaricato-spicati
2169 1698 2177 1712 ‚

448 1746 545 1784 cyniis
561 1746 611 1775 1-2
624 1766 632 1779 ,
645 1744 821 1774 axillaribus
832 1767 839 1781 ,
855 1744 927 1773 folio
942 1744 990 1774 vel
1004 1743 1166 1783 pulvinulo
1187 1744 1324 1782 stipatis,
1344 1743 1420 1781 saep'e
1441 1742 1615 1781 compositis
1635 1752 1688 1770 seu
1703 1740 1852 1780 proliseris
1865 1763 1872 1778 ,
1888 1740 2034 1780 elongatis
2045 1763 2053 1777 ‚
2067 1739 2178 1770 folium

449 1809 546 1848 duplo
560 1808 772 1838 excedentibus
783 1831 790 1845 ‚
803 1808 975 1837 divaricatis
987 1831 994 1844 ‚
1009 1807 1214 1847 irregulariter
1228 1808 1354 1837 2·t01nis
1366 1830 1374 1845 ,
1386 1807 1457 1836 flore
1472 1806 1655 1836 intermedio
1666 1806 1752 1835 nullo
1763 1805 1811 1836 vel
1825 1806 1961 1844 stipitato
1973 1829 1980 1842 ‚
1993 1807 2060 1834 raro
2072 1805 2175 1834 sessili.

449 1874 624 1903 Bnicrzotffi
645 1872 784 1912 calycinae
797 1874 814 1901 2
827 1896 835 1909 ‚
845 1871 1030 1909 lanceolatae,
1046 1872 1172 1909 sessiles,
1185 1878 1292 1909 acutae,
1306 1872 1440 1901 scariosae
1453 1894 1460 1909 ,
1473 1871 1673 1910 pubescentes
1686 1894 1693 1908 ,
1706 1871 1815 1910 calyeis
1836 1870 1935 1899 basim
1956 1877 1992 1899 ut
2007 1869 2179 1909 plurimum

448 1940 528 1968 arcte
543 1938 691 1968 foventes.
709 1938 801 1967 cmx
815 1944 921 1967 ovatus
936 1937 984 1967 vel
999 1937 1285 1966 rotundato-ovatus
1297 1959 1305 1974 ‚
1321 1938 1405 1976 apice
1418 1936 1668 1966 sub-constrictus
1679 1959 1686 1973 ,
1698 1935 1811 1965 foliolis
1822 1935 1995 1965 lanceolatis
2007 1934 2056 1964 vel
2070 1940 2181 1964 ovato-

449 2002 635 2040 lanccolatis,
648 2003 829 2032 acuminatis
839 2002 888 2032 vel
901 2004 1007 2039 acutis,
1021 2002 1225 2039 subscariosis‚
1238 2002 1366 2031 sericeis.
1384 2000 1517 2030 Conona
1532 2001 1757 2039 cainpannlata,
1774 2011 1873 2037 rosea,
1889 1999 1975 2038 plicis
1990 1999 2180 2029 saturatiori-

448 2067 506 2097 bus
517 2091 523 2103 ‚
538 2067 636 2106 calyce
652 2067 803 2105 subtriplo
814 2067 940 2107 longior.
959 2067 1088 2096 STAMlNA
1103 2067 1142 2096 ad
1157 2066 1242 2096 basin
1260 2066 1328 2096 tubi
1344 2065 1482 2095 corollini
1499 2066 1611 2095 inserta
1622 2088 1629 2102 ,
1648 2072 1764 2094 exserta
1776 2088 1783 2101 ‚
1804 2064 1966 2093 filalnentis
1983 2063 2180 2093 filiformibus

448 2131 512 2160 basi
528 2131 660 2160 dilatatis
672 2130 917 2171 glandulosisque
929 2144 935 2167 ;
949 2131 1084 2161 antheris
1100 2131 1237 2171 oblongis
1252 2131 1438 2169 subobtusis,
1449 2131 1513 2160 basi
1526 2131 1683 2170 sagittatis,
1695 2128 1906 2169 inaequalibus.
1920 2129 2056 2158 Omnium
2071 2134 2177 2158 ovato-

448 2197 599 2232 conicum,
611 2197 694 2234 apice
709 2195 950 2225 hirsutissiinuni
960 2220 967 2233 ,
981 2196 1143 2226 2-loculare
1154 2219 1161 2234 ,
1173 2197 1280 2226 loculis
1296 2197 1459 2227 2-ovulatis
1472 2219 1479 2233 ,
1492 2195 1590 2225 ovulis
1601 2196 1705 2225 ovatis.
1721 2194 1827 2223 STYLUS
1840 2192 2012 2223 subnullus.
2030 2191 2176 2222 STIGMATA

448 2262 479 2297 2,
495 2260 660 2298 filiforinia,
672 2260 830 2300 papillam,
846 2261 958 2290 corolla
972 2261 1178 2291 subbreviora.

482 2326 542 2349 Ons.
560 2326 631 2350 [lanc
645 2325 764 2357 plantam
778 2333 826 2357 pro
841 2327 927 2357 specle
941 2325 955 2349 a
972 2326 1002 2348 R.
1021 2327 1132 2357 scopari&
1151 2325 1255 2350 diversa
1271 2325 1408 2349 noluerem
1430 2325 1556 2349 habuisse
1577 2325 1627 2348 nisi
1648 2323 1680 2348 cl.
1697 2323 1849 2354 Despreaux
1870 2323 1897 2345 in
1912 2321 2008 2346 litteris
2029 2322 2175 2352 scripsisset

453 2393 463 2405 ι
479 2382 610 2407 diversam
628 2384 735 2408 omnino
748 2384 762 2408 a
775 2385 864 2416 specie
877 2385 918 2408 cui
933 2391 1028 2408 nomen
1042 2385 1103 2408 Leria
1114 2385 1170 2408 noel
1182 2383 1221 2415 (R.
1237 2383 1373 2415 scoparia),
1387 2383 1474 2407 nullus
1490 2382 1573 2407 radici
1587 2382 1662 2413 odor,
1674 2383 1741 2405 rami
1757 2388 1860 2413 semper
1872 2380 1970 2408 foliosi,
1985 2379 2061 2403 nores
2074 2380 2174 2404 rosacei

450 2448 499 2465 nec
514 2440 586 2469 albi,
601 2448 649 2466 nec
664 2441 786 2469 inodori.
803 2443 849 2467 sed
865 2441 950 2467 violas
971 2442 1109 2474 redolent,
1121 2441 1216 2466 dumos
1237 2448 1344 2473 quoque
1364 2441 1432 2464 latos
1454 2440 1615 2472 altioresque
1637 2447 1685 2464 nec
1706 2439 1811 2464 caulem
1831 2439 1915 2463 ullum
1936 2437 2025 2462 efficit.
2044 2447 2055 2459 ι
2073 2439 2175 2462 Nomen

451 2499 552 2522 Gummi!
563 2507 615 2531 quo
629 2500 656 2523 in
670 2500 780 2525 Canaria
797 2502 915 2526 noscitur
929 2502 1097 2526 Nivarienses
1114 2505 1140 2525 et
1152 2500 1305 2526 Palmenses
1318 2500 1461 2532 R.floridae
1476 2499 1627 2531 applicant,
1640 2498 1654 2521 a
1668 2498 1720 2530 qua
1734 2497 1818 2529 magis
1832 2497 1914 2529 quam
1927 2496 1941 2521 a
1955 2497 1985 2520 B.
1998 2497 2113 2529 scoparia
2126 2496 2178 2521 dis-

455 2556 504 2581 sert
514 2573 521 2585 ,
538 2559 690 2590 speciesque
706 2560 820 2583 sororias
835 2560 937 2592 species
952 2560 1007 2584 haec
1017 2566 1085 2583 nova
1101 2558 1227 2592 amplexu
1239 2559 1348 2591 colligat
1362 2565 1440 2583 novo.

1051 2694 1344 2725 EXPLchTlo
1382 2692 1485 2723 TAB.
1524 2681 1616 2723 138.

504 2799 532 2820 1.
552 2789 681 2821 Ramus
695 2787 838 2822 floridus
861 2789 1093 2835 magnitudine
1109 2790 1265 2824 naturali.
1283 2802 1317 2823 2.
1338 2788 1554 2823 Alabastrum
1570 2816 1578 2831 ‚
1592 2795 1695 2835 prout
1712 2786 1831 2834 figurae
1846 2792 2028 2831 sequentes
2046 2784 2178 2830 magni-

450 2860 568 2895 tudine
586 2869 737 2905 auctum,
754 2869 791 2896 ut
806 2862 1032 2908 conspiciatur
1042 2863 1137 2910 calyx
1152 2864 1334 2898 bracteolis
1348 2864 1438 2898 binis
1452 2863 1639 2898 suffultum.
1659 2861 1696 2896 3.
1716 2860 1848 2908 Calycis
1865 2859 2022 2894 foliolum
2038 2860 2057 2892 a
2073 2858 2177 2892 dorso

449 2935 570 2969 visum.
593 2935 629 2979 4.
650 2935 791 2970 Coi-olla
812 2943 884 2969 arte
904 2936 1066 2983 explicata
1085 2949 1164 2971 eum
1183 2937 1393 2971 staminibus.
1412 2937 1445 2972 5.
1469 2936 1638 2971 Pistillum
1663 2934 1755 2970 disco
1777 2933 1967 2981 hypogyno
1984 2931 2174 2965 suffultum.

448 3007 485 3042 6.
504 3008 618 3043 Ovarii
636 3009 740 3043 sectio
761 3009 999 3044 transversalis.
1019 3021 1053 3056 7.
1071 3010 1235 3043 Ovarium
1257 3009 1341 3044 dum
1364 3010 1458 3045 disco
1483 3010 1672 3058 hypogyno
1699 3006 1958 3044 transitrorsuin
1985 3014 2115 3040 sectum
2139 3012 2177 3040 ut
