2530 3969
949 486 1119 532 (215)

227 584 310 616 ΗΑΒ.
329 583 503 627 Frequens
519 587 567 614 est
584 579 655 613 haec
673 579 800 625 species
815 577 845 610 in
859 577 948 611 arvis
966 577 1117 623 locisque
1135 577 1229 611 siccis
1247 578 1434 612 insularum
1454 580 1726 615 Canariensium.
1745 604 1784 608 ——
1799 585 1890 618 Folia

179 657 324 690 suaviter
344 654 515 696 subacida,
536 652 716 700 pedunculi
741 651 919 693 incurvati,
938 651 1032 698 apice
1049 652 1243 698 incrassati3
1265 652 1325 685 sol.
1343 652 1444 699 calyc.
1466 653 1595 686 interna
1616 654 1786 690 fructifera
1807 671 1815 690 1
1845 671 1893 701 ¹l2

178 730 236 763 lin.
256 729 370 775 longa.

225 804 376 836 Dtsrsstss.
398 812 524 835 Gssocn.
547 798 701 832 Occurrit
722 798 753 830 in
773 797 971 843 regionibus
996 798 1156 832 omnibus
1176 811 1252 845 quae
1272 811 1364 833 mare
1386 801 1562 834 Internum
1584 800 1782 842 obvanam,
1804 805 1894 839 unde

175 889 236 924 per
248 873 480 910 Mauritaniam
503 872 534 906 in
555 873 756 905 Fortunatas
775 871 994 918 protenditur
1012 872 1040 917 (t
1053 874 1076 919 )

589 987 627 1026 2.
670 982 917 1028 RUMEX
957 985 1289 1029 LUNARIA.
1334 987 1480 1029 LtNN.

223 1083 262 1114 R.
282 1080 374 1114 caule
392 1079 574 1123 fruticos03
595 1079 682 1114 soliis
707 1080 875 1126 petiolatis
891 1107 900 1124 ,
918 1082 1352 1125 cordato-orbicularibus,
1371 1082 1618 1128 integerrimis,
1638 1084 1783 1119 [loribus
1800 1086 1896 1133 poly-

174 1155 301 1202 gamis‚
319 1152 442 1187 foliolis
467 1153 606 1186 internis
626 1152 767 1187 demum
792 1153 1206 1190 cordato-orbicularibus
1221 1184 1228 1200 ‚
1246 1156 1388 1203 integris
1408 1156 1591 1190 reticulatis
1606 1185 1613 1199 ‚
1633 1158 1675 1192 ad
1697 1159 1803 1193 basim
1822 1172 1898 1206 gra-

175 1228 255 1262 nulo
275 1228 395 1261 notatis
416 1226 600 1274 pedicole,
623 1226 856 1263 filiformibus.

211 1300 330 1329 Rumex
343 1299 470 1329 lunaria.
487 1300 589 1337 Linn„
605 1301 657 1340 Sp.
668 1301 774 1340 plant„
786 1302 835 1330 vol.
854 1304 882 1336 1,
898 1313 927 1340 p.
948 1301 1017 1332 479.
1033 1319 1074 1324 -
1090 1302 1225 1342 Camprl.‚
1236 1303 1367 1342 Monog„
1382 1315 1413 1343 [ι.
1430 1304 1499 1342 136,
1513 1304 1568 1333 tab.
1586 1305 1605 1334 2
1620 1306 1669 1345 ‚s.
1687 1306 1715 1335 5.

211 1365 334 1394 Acetosa
349 1364 540 1394 arborescens
557 1364 749 1395 subrotundo
760 1366 842 1396 folio.
857 1366 959 1403 Plzcls„
974 1368 1079 1406 Plzyl„
1090 1368 1148 1398 tab.
1166 1368 1224 1396 252
1234 1368 1280 1408 ‚s.
1299 1370 1328 1398 3.
1629 1362 1632 1368 “

207 1432 327 1461 Rumex
339 1431 525 1472 polygamus.
549 1433 633 1467 Cam,
650 1435 743 1471 loom,
758 1434 810 1462 vol.
831 1436 859 1471 1,
877 1435 932 1464 tab.
950 1435 997 1465 22.

213 1499 378 1538 V'inagrera
394 1498 633 1528 Canariensium.

221 1567 303 1599 Han.
330 1568 367 1599 In
395 1567 539 1614 rupibus
565 1567 751 1601 insularum
773 1568 1028 1602 Canariensium
1055 1568 1184 1611 frutex,
1204 1576 1454 1612 sarmentosuS,
1481 1569 1734 1616 to-ta-pedalis.
1753 1591 1800 1595 —
1820 1570 1894 1605 Fot.

170 1640 275 1687 calyc.
293 1640 424 1674 interna
445 1640 616 1675 fructifera
639 1653 658 1674 2
683 1640 776 1685 isa-3
795 1641 898 1674 lineas
920 1641 1034 1687 longa.

218 1715 370 1748 DtSTntss.
389 1726 516 1749 GEOGR.
542 1715 676 1762 Species
695 1722 744 1748 est
763 1716 903 1761 propria
920 1715 1104 1749 insularum
1125 1718 1407 1751 Fortunatarum.

172 1876 364 1900 mutationibus
389 1877 470 1900 nimis
487 1877 591 1901 levibus
610 1876 772 1909 pendentes,
790 1878 908 1909 recipere
925 1885 1096 1910 nequeamus.
1117 1879 1162 1902 11ae
1184 1879 1256 1903 enim
1278 1879 1330 1903 sere
1353 1887 1456 1912 semper
1475 1880 1654 1912 explicatione
1679 1881 1776 1913 plantae
1797 1882 1897 1915 majore

172 1923 307 1946 minoreve
322 1924 452 1950 nituntur,
468 1930 526 1954 quae
540 1922 650 1954 quidem
669 1924 726 1955 ipsa
747 1923 796 1947 soli
819 1923 888 1947 aeris
908 1923 1025 1947 climatis
1045 1923 1133 1948 indole
1152 1924 1265 1958 aliisque
1283 1926 1490 1951 circumstantiis
1510 1928 1640 1959 provenit.
1655 1929 1751 1953 Dentes
1767 1930 1897 1961 perigenii

172 1967 299 1992 fructiferi
323 1975 427 2000 semper
444 1969 470 1992 ni
493 1968 610 1992 fallimur
632 1968 796 1993 tantillulum
820 1970 937 1993 uncinati
961 1969 1031 1994 unde
1056 1971 1186 1995 sectiones
1201 1972 1281 1995 etiam
1300 1973 1434 2003 primarire
1456 1978 1582 2005 peccant;
1598 1975 1727 2006 perigenii
1744 1975 1897 2000 foliolorum

172 2013 265 2041 forma,
279 2014 397 2038 dentium
410 2022 545 2044 numerus,
561 2015 651 2047 facies,
666 2017 811 2047 proceritas
828 2017 988 2045 inconstans,
1005 2016 1148 2047 pedunculi
1166 2024 1234 2041 nunc
1255 2018 1311 2041 sine
1325 2021 1418 2042 norma
1439 2022 1509 2044 certa
1531 2020 1645 2052 elongati
1668 2029 1738 2046 nunc
1753 2026 1842 2046 tenues
1857 2021 1898 2046 vel

174 2060 319 2084 incrassati.
339 2061 409 2084 Inter
426 2060 541 2092 plurima
566 2068 624 2093 quae
645 2061 659 2085 a
684 2062 834 2085 Fortunatis
854 2063 985 2086 traximus
1006 2064 1169 2094 specimina,
1188 2063 1279 2088 formae
1296 2065 1417 2096 plurimae
1438 2065 1638 2091 Steinheilianae
1655 2067 1897 2100 depr-ehendendae,

172 2107 349 2134 communior,
364 2114 422 2138 qttae
436 2107 554 2139 undique
569 2108 731 2135 communis,
747 2107 857 2131 Gallica.
873 2121 900 2124 —
916 2109 957 2132 w.

206 2152 240 2183 (1)
259 2152 297 2175 An
319 2153 396 2176 unica
420 2153 497 2177 fuerit
514 2158 557 2176 aut
575 2153 714 2185 multiplex
735 2154 883 2185 specierum
899 2153 997 2185 quibus
1018 2153 1099 2185 pollet
1116 2158 1245 2177 terrarum
1263 2154 1336 2178 orbis
1348 2172 1353 2182 ,
1373 2157 1472 2180 creatio
1488 2157 1573 2188 prisca
1585 2177 1590 2187 ,
1609 2157 1697 2182 adbuc
1716 2159 1828 2183 dubium
1849 2166 1896 2185 est.

173 2198 238 2228 Ergo
254 2199 298 2221 vix
314 2205 360 2229 pro
377 2203 448 2222 certo
461 2200 520 2223 cum
537 2199 582 2223 cll.
598 2200 697 2224 Buchio
711 2204 735 2223 et
751 2199 906 2223 Steinheilio
922 2199 1065 2224 dicendum
1078 2204 1116 2223 est
1133 2201 1271 2223 hominum
1286 2202 1412 2225 comitem
1427 2209 1487 2225 cum
1500 2203 1552 2226 vite
1567 2207 1611 2226 aut
1625 2203 1757 2228 frumento
1771 2206 1802 2228 P..
1818 2206 1899 2231 buce-

171 2242 367 2275 phalophorum
384 2244 498 2268 aliamve
512 2245 605 2269 insulis
620 2245 716 2269 nostris
729 2245 864 2277 appulisse
878 2246 1003 2277 speciem,
1022 2246 1077 2269 tum
1091 2245 1163 2269 enim
1177 2250 1282 2277 quantae
1294 2250 1318 2269 et
1333 2246 1425 2277 quales
1445 2247 1459 2270 ἰι
1476 2247 1612 2272 littoribus
1628 2251 1710 2273 maris
1729 2251 1826 2275 luterni
1844 2259 1897 2276 non

172 2289 287 2313 advectae
301 2290 415 2321 species!
430 2290 479 2313 Aut
495 2292 620 2315 advectas
635 2291 721 2315 forsan
735 2290 919 2314 tantummodo
934 2299 1035 2315 annuas
1052 2291 1191 2323 putabant,
1207 2291 1252 2315 sed
1265 2294 1324 2315 vere
1343 2296 1366 2315 et
1381 2292 1451 2324 apud
1467 2301 1514 2317 nos
1528 2293 1667 2326 indigenas
1679 2295 1799 2327 ejusdem
1813 2298 1898 2330 regio-

172 2335 213 2358 nis
231 2335 318 2366 proles
339 2335 474 2366 arboreas,
493 2337 579 2360 oleam
595 2344 653 2369 quae
666 2337 737 2362 certo
758 2337 893 2369 indigena,
906 2337 1067 2364 Lentiscum,
1082 2337 1235 2365 Smilacem,
1250 2338 1388 2370 Daphnem
1400 2338 1536 2369 Gnidiurn,
1550 2341 1656 2365 Ericam
1672 2342 1823 2371 arboream,
1840 2344 1898 2369 Cis-

172 2385 227 2405 tum
242 2382 475 2413 monspeliensem,
489 2388 513 2407 et
527 2387 562 2406 tot
580 2383 676 2408 herbas
688 2384 755 2407 alias
767 2391 896 2416 perennes
910 2388 934 2407 et
946 2383 1248 2414 rttozocephatophoras.
1262 2384 1378 2408 Diversis
1392 2385 1494 2416 legibus
1509 2387 1564 2417 regi
1580 2386 1733 2418 plantarum
1749 2396 1897 2414 annuarum

172 2431 215 2450 aut
231 2429 386 2459 perennium
402 2430 588 2460 migrationem
601 2430 645 2452 vix
659 2429 833 2459 credendum,
845 2434 870 2453 et
884 2431 942 2453 vere
957 2428 1107 2453 advectitite
1121 2428 1180 2452 raro
1197 2437 1244 2461 per
1255 2435 1359 2454 montes
1373 2435 1398 2455 et
1411 2431 1493 2455 valles
1511 2431 1587 2463 longe
1604 2433 1710 2465 lateque
1727 2440 1895 2467 sparguntur,

172 2473 228 2497 sive
241 2481 333 2497 annuae
347 2475 399 2498 sint
413 2475 467 2498 sive
481 2482 625 2507 perennes,
641 2476 663 2499 si
679 2475 786 2499 fortuito
803 2479 847 2498 ant
863 2475 971 2499 homine
983 2475 1093 2507 juvante
1108 2477 1274 2507 perveniant.
1290 2477 1385 2500 Extant
1399 2478 1569 2509 exceptiones
1581 2480 1626 2502 sed
1642 2487 1732 2511 paucae
1745 2482 1898 2513 quanquam

173 2519 314 2548 notabiles,
331 2524 358 2543 ut
377 2521 401 2543 in
419 2510 534 2552 planitie
550 2522 683 2553 Pampana
699 2520 810 2552 Cynara.
830 2521 885 2550 Qua
901 2524 990 2543 autem
1005 2519 1062 2551 lege
1077 2521 1117 2543 lire
1132 2522 1304 2552 migrationes
1322 2527 1446 2554 regantur
1458 2524 1598 2548 incertum.
1612 2525 1660 2549 Vix
1674 2526 1810 2551 diversum
1827 2529 1899 2552 enim

172 2565 206 2589 ab
227 2566 259 2589 iis
275 2566 342 2590 Asite
362 2566 536 2590 occidentalis
551 2566 672 2591 crederes
686 2567 726 2590 vel
742 2566 835 2591 Africae
852 2566 968 2590 borealis
986 2567 1124 2598 ltlonspelii
1146 2571 1190 2590 aut
1203 2567 1299 2591 coelum
1316 2573 1361 2591 aut
1381 2569 1478 2600 solum,
1497 2570 1543 2594 sed
1563 2570 1660 2602 plantae
1674 2573 1814 2597 Juvenales
1830 2573 1898 2599 lanis

173 2615 297 2635 contortze
317 2620 365 2636 nec
384 2618 541 2644 permanent
558 2621 607 2637 nec
627 2617 794 2645 sparguntur.
814 2613 867 2637 Nec
887 2611 962 2636 abest
984 2612 1061 2636 nobis
1079 2620 1111 2636 ex
1130 2614 1332 2637 ratiocinatione
1348 2616 1476 2639 certitudo
1491 2616 1628 2648 quaedam,
1642 2620 1754 2649 quanvis
1769 2620 1802 2644 ab
1825 2623 1896 2645 omni

170 2664 227 2682 aevo
243 2662 395 2682 exterorum
409 2666 563 2690 congressus
578 2664 603 2683 et
617 2660 809 2683 commercium
832 2659 961 2690 spernerit.
977 2657 1116 2690 oderitque
1127 2659 1282 2683 Autololum
1295 2659 1375 2684 effera
1390 2668 1453 2692 gens
1464 2669 1522 2693 quae
1539 2664 1726 2688 Mauritaniam
1740 2673 1772 2689 ex
1787 2667 1896 2692 adverso

173 2704 375 2728 Fortunatarum
391 2705 492 2733 incolit,
506 2706 569 2737 quin
586 2710 610 2729 et
623 2707 721 2729 eaedem
739 2705 793 2729 illic
805 2712 863 2737 quae
879 2706 903 2728 in
919 2705 1069 2728 Fortunatis
1086 2706 1252 2737 reperiantur
1263 2706 1369 2731 Graeciae
1382 2712 1460 2739 atque
1475 2709 1608 2740 Hispaniae
1626 2709 1725 2738 herbae,
1741 2720 1794 2736 non
1811 2715 1895 2737 homi-

173 2757 235 2773 num
253 2750 361 2774 culturae
373 2752 483 2775 comites
498 2751 543 2775 sed
560 2751 613 2775 sato
626 2752 743 2783 quodam
760 2755 803 2774 aut
819 2751 910 2774 divino
925 2751 945 2774 si
961 2752 1045 2774 mavis
1063 2751 1187 2776 instinctu
1201 2751 1233 2775 ad
1248 2752 1347 2776 limites
1364 2754 1479 2784 regionis
1494 2754 1624 2786 propulsa}
1639 2756 1752 2788 (praeter
1762 2757 1897 2784 ruderales

173 2794 275 2826 aliquas
293 2798 352 2819 vere
372 2796 528 2821 advectitias
546 2801 590 2820 aut
609 2798 726 2828 agrarias
747 2801 826 2828 atque
839 2797 1011 2821 Americanas
1027 2797 1179 2829 nonnullas)
1191 2803 1311 2822 crescant
1326 2798 1380 2823 fere
1395 2806 1487 2823 omnes
1508 2805 1533 2824 et
1547 2800 1692 2826 luxurient.
1705 2803 1789 2833 Quam
1808 2813 1897 2836 paucae

174 2841 226 2865 imo
247 2841 327 2873 quam
348 2843 516 2873 paucissimae
537 2844 589 2866 sint
612 2843 706 2875 stirpes
730 2844 870 2866 hominum
894 2843 1022 2866 consocia}
1042 2851 1100 2875 quae
1120 2845 1252 2876 Europaeae
1273 2845 1299 2868 in
1318 2845 1470 2870 American]
1486 2847 1706 2873 autAmerieanae
1722 2850 1748 2873 in
1764 2852 1895 2882 Europam

173 2887 286 2911 devectae
308 2888 380 2911 extra
405 2888 512 2912 urbium
533 2890 663 2920 pomoeria
686 2892 765 2920 atque
786 2888 965 2912 oluscularum
982 2889 1082 2913 cultum
1102 2890 1126 2913 in
1148 2894 1245 2914 tractus
1263 2895 1393 2915 terrarum
1412 2892 1572 2924 longinquos
1586 2893 1719 2918 abierint!
1735 2896 1794 2920 Haec
1814 2896 1896 2921 fusius

173 2932 343 2965 postmodum
359 2934 506 2959 tractanda.
521 2934 581 2958 Jam
595 2934 699 2959 tabulas
714 2935 906 2967 phytostaticas
919 2934 932 2957 a
948 2935 983 2959 cl·
998 2936 1023 2959 J.
1035 2935 1059 2959 J.
1074 2935 1209 2960 Williams
1224 2936 1332 2961 sedibus
1350 2938 1415 2969 ipsis
1425 2938 1474 2962 sub
1487 2940 1614 2970 auspiciis
1627 2942 1723 2964 nostris
1739 2941 1858 2973 depictas
1870 2949 1895 2967 et

174 2978 324 3009 plantarum
336 2979 480 3003 insularum
494 2981 661 3012 quarundam
672 2980 807 3012 catalogos
821 2981 947 3012 partiales
962 2981 1086 3006 dedimus
1099 2983 1201 3014 (Ge‘oyr.
1213 2983 1277 3010 bot.‚
1293 2984 1342 3007 vol.
1357 2985 1382 3011 3,
1397 2985 1433 3007 1re
1447 2985 1529 3014 partie
1542 2986 1651 3017 passim,
1662 2990 1687 3010 et
1697 2988 1759 3017 All.‚
1775 2988 1801 3010 2²
1810 2989 1893 3018 serie).

176 3024 233 3047 ltlox
251 3024 453 3048 Fortunatarum
473 3025 568 3057 stirpes
586 3033 646 3049 eum
662 3025 777 3049 altarum
797 3027 936 3057 regionum
954 3027 1150 3058 vegetabilibus
1172 3030 1402 3061 comparationem
1420 3034 1445 3054 et
1459 3028 1673 3062 parallelismum
1689 3032 1716 3055 in
1729 3034 1895 3066 postscriptis

177 3069 314 3094 instituere
329 3071 355 3093 in
374 3071 464 3094 animo
477 3075 525 3095 est.
539 3085 570 3089 -
581 3072 625 3096 W.
