2530 3969
1360 426 1372 468 (
1404 424 1485 463 268
1516 427 1527 470 )

586 514 864 558 farinaceum
897 517 1127 573 copiosum
1158 517 1354 570 cingens.
1379 514 1601 559 RAD1CL‘LA
1627 516 1783 558 infera.
1804 512 2111 558 COTYLEDONES
2138 516 2301 572 planae,

586 596 919 647 incumbenth
945 600 1160 641 exteriore
1182 598 1352 654 maiore
1375 598 1637 641 interiorem
1662 599 1886 640 minorem
1907 598 2100 641 fovente.

645 679 825 723 FRUTEX
841 680 1109 723 canariensis
1127 678 1352 731 robustus,
1373 680 1598 737 6-pedalis‚
1615 688 1801 730 erectusq
1819 680 1955 724 odore
1973 695 2186 724 nauseoso
2198 695 2304 738 prae-

587 761 720 815 ditus,
734 764 871 806 ramis
883 763 1078 818 rirgatis,
1091 761 1255 803 cortice
1273 761 1360 804 levi
1378 762 1822 820 viridi-nigrescente.
1841 762 2035 806 STIPULAE
2053 763 2204 806 nullae.
2223 763 2304 806 FO-

587 858 651 887 LIA
668 846 855 895 alternaq
880 845 1101 903 petiolatm
1120 844 1549 896 ovato-lanceolata,
1567 854 1697 889 acuta
1712 881 1722 900 ⁷
1741 847 1948 902 margine
1972 845 2189 888 undulata
2203 880 2212 897 ‚
2233 846 2301 888 in-

586 929 841 984 tegerrima„
862 928 986 976 levia,
1005 926 1299 975 subcoriacea,
1318 929 1612 985 persistentia,
1630 930 1805 972 intense
1822 928 1995 979 viridia,
2008 930 2174 972 exsicca
2186 929 2304 972 tione

586 1011 895 1067 nigrescentia.
919 1009 956 1051 F
959 1022 1090 1051 LOREs
1111 1009 1159 1051 in
1176 1011 1318 1054 axillis
1337 1011 1553 1054 foliorum
1569 1013 1739 1070 spicati5
1757 1013 1885 1070 spicis
1901 1012 2069 1060 erectis„
2088 1011 2195 1054 folio
2211 1012 2306 1054 bre-

586 1093 808 1144 vioribus,
834 1093 903 1135 vel
922 1093 968 1134 in
987 1093 1176 1136 ramulis
1196 1093 1477 1144 lateralibus‚
1502 1095 1716 1138 foliorum
1733 1096 2020 1153 superiorum
2037 1094 2212 1138 defectu
2225 1130 2233 1144 ,
2256 1095 2305 1137 in

586 1190 818 1219 racemum
840 1174 959 1232 apice
980 1174 1220 1231 aphyllum
1241 1181 1286 1217 et
1302 1175 1490 1218 demum
1509 1176 1843 1220 subincurvum
1867 1178 2064 1233 digestis„
2085 1177 2305 1235 pedicellis

584 1258 832 1301 bracteatis.

978 1432 1200 1477 BOSEA
1234 1433 1713 1477 YERVAMORA.
1754 1433 1908 1477 LmN.

623 1576 791 1605 Arbuscula
805 1576 952 1605 haccifera
965 1576 1162 1613 Canariensis,
1178 1577 1303 1616 syringae
1315 1576 1448 1606 coeruleae
1461 1576 1550 1607 soliis.
1564 1577 1650 1607 Pluk.
1663 1578 1757 1613 Alm.‚
1771 1588 1839 1617 pag.
1856 1576 1902 1606 42.

623 1640 736 1670 Frutex
752 1641 928 1679 peregrinus
938 1640 1029 1670 horto
1042 1640 1167 1670 bosiano
1182 1651 1272 1680 yerva
1287 1651 1372 1670 mora
1383 1643 1423 1679 (1)
1438 1641 1547 1671 dictus.
1572 1641 1703 1678 lValel1.,
1719 1643 1817 1677 Hori„
1831 1653 1902 1681 pag.
1922 1642 1969 1678 24,
1986 1644 2038 1672 lab.
2059 1645 2106 1672 10.

624 1706 726 1735 Bosea.
745 1707 845 1742 Lina„
862 1707 943 1735 Hori.
966 1706 1054 1745 Clzff',
1069 1717 1138 1745 pag.
1157 1705 1203 1735 84.

625 1772 717 1801 Bosea
732 1782 917 1811 yervamora.
935 1772 1037 1806 Linn.,
1054 1773 1109 1810 sp.
1124 1772 1179 1812 pl.,
1194 1783 1264 1811 pag.
1284 1772 1342 1800 326
1357 1771 1429 1801 excl.
1449 1782 1512 1811 syn.
1527 1771 1658 1801 Sloanei.
1674 1788 1714 1794 —
1729 1773 1859 1810 Lamck„
1876 1774 2010 1812 Encycl„
2028 1776 2079 1803 vol.
2100 1776 2128 1809 1,
2149 1784 2219 1812 pag.
2239 1773 2306 1802 439.

584 1854 622 1860 —
637 1838 771 1873 Gamla„
788 1837 840 1867 vol.
857 1839 968 1877 1‚pag.
985 1837 1054 1873 376,
1071 1837 1125 1866 tab.
1141 1838 1189 1867 77.
1202 1854 1240 1858 -
1251 1836 1408 1876 Jacq.fil.,
1423 1837 1539 1876 Eclog„
1553 1838 1607 1866 lab.
1626 1839 1675 1866 25.

624 1904 655 1932 H
658 1902 775 1931 ediondo
793 1901 1033 1930 Canariensium.

635 1971 719 2002 ΗΑΒ.
742 1967 897 2002 Occurrit
911 1967 981 2001 hace
996 1967 1104 2014 planta
1125 1968 1156 2000 in
1176 1968 1391 2015 rupeslribus
1406 1980 1539 2003 necnon
1562 1969 1595 2002 in
1613 1968 1754 2016 sepibus
1770 1968 1953 2003 Teneriffae
1970 1977 2003 2003 ct
2018 1968 2170 2004 Canariae
2188 1968 2246 2003 ubi
2266 1968 2309 2003 ad

588 2042 855 2090 septentrionem
871 2049 904 2075 et
920 2041 1050 2076 Etesios
1066 2050 1225 2088 vergunt.
1246 2042 1435 2089 Specimina
1449 2043 1594 2090 legimus
1609 2044 1642 2077 in
1658 2043 1811 2078 convalle
1830 2042 1872 2077 de
1887 2042 2039 2077 Almeida
2054 2042 2234 2077 Teneriffae
2252 2043 2309 2077 ubi

588 2116 780 2159 uberrima,
808 2116 852 2150 ab
873 2115 996 2150 eodem
1019 2127 1159 2162 quoque
1183 2115 1259 2151 loco
1279 2128 1354 2150 eam
1383 2117 1483 2151 traxit
1502 2119 1726 2164 Bourgcaeus,
1756 2116 1876 2151 crescit
1901 2117 2001 2150 etiam
2028 2116 2114 2150 circe
2142 2117 2308 2164 templum

587 2192 715 2225 Sanctae
728 2190 844 2224 Mariae
855 2189 896 2224 de
911 2189 1031 2223 Gracia
1048 2190 1284 2237 (Bourgeaeus)
1299 2191 1385 2225 circa
1400 2191 1525 2238 oppida
1539 2193 1724 2225 Orotavam
1738 2198 1772 2224 et
1787 2190 1931 2225 Guimar
1944 2191 1976 2224 in
1994 2190 2160 2234 convalle,
2175 2203 2308 2225 necnon

590 2264 632 2299 ad
661 2276 787 2312 pagum
806 2263 915 2298 Sancti
931 2264 1070 2298 Joannis
1086 2265 1129 2299 de
1149 2265 1179 2298 la
1202 2264 1359 2299 Rambla.
1384 2265 1444 2299 His
1464 2265 1665 2299 stationibus
1683 2264 1778 2300 addit
1794 2264 1941 2299 Buchius
1958 2265 2236 2312 promontorium
2255 2264 2309 2299 del

589 2338 738 2384 Hidalgo
756 2345 790 2372 et
810 2337 931 2371 vallem
954 2337 1099 2371 Palmar.
1128 2339 1165 2371 In
1187 2337 1333 2372 Camari&
1352 2338 1386 2372 in
1406 2337 1492 2372 valle
1508 2339 1638 2372 Sanctae
1655 2338 1799 2385 Brigidae
1815 2350 1890 2372 eam
1911 2338 1993 2373 vidit
2011 2338 2053 2373 cl.
2076 2338 2222 2373 Buchius
2241 2346 2274 2372 et
2290 2340 2308 2372 ἐι

589 2415 708 2448 Monte
728 2413 895 2446 Doramas
915 2411 974 2446 ubi
991 2423 1088 2458 aquae
1104 2411 1219 2459 lapsus
1234 2414 1303 2447 Los
1319 2411 1487 2447 Caideros
1501 2412 1611 2447 dictus
1629 2412 1772 2447 floribus
1790 2413 1946 2447 masculis
1967 2413 2073 2460 aprile
2101 2413 2190 2458 1846
2210 2413 2309 2448 deco-

587 2500 660 2522 ram
689 2487 864 2534 recollegit
883 2486 924 2521 cl.
953 2488 1171 2533 Bourgeaeus.
1199 2488 1249 2520 Ex
1271 2486 1313 2521 cl.
1341 2485 1384 2521 de
1403 2486 1495 2521 Buch
1516 2500 1583 2522 non
1605 2487 1690 2522 ullr'a
1708 2487 1924 2522 altitudinem
1950 2487 2040 2532 1400
2063 2487 2190 2535 pedum
2207 2500 2310 2536 super

588 2573 752 2597 oceanum
773 2559 914 2594 scandit.

639 2639 792 2671 DisTmn.
813 2646 941 2669 GEOGR.
965 2633 1074 2681 Stirps
1087 2641 1138 2667 est
1153 2633 1250 2667 unice
1267 2633 1492 2669 Canariensis.

623 2710 681 2734 Ons.
702 2711 812 2733 noseam
830 2708 1026 2740 Phytolacceis,
1046 2707 1104 2739 jam
1118 2707 1190 2731 viam
1208 2708 1331 2732 acumine
1345 2711 1408 2731 noto
1422 2712 1598 2739 praetentans,
1614 2709 1659 2733 sed
1674 2717 1726 2733 non
1741 2710 1798 2734 sine
1812 2709 1909 2737 dubio,
1925 2708 2028 2733 addixit
2044 2716 2153 2741 magnus
2167 2709 2308 2736 Jussiaeus.

590 2769 678 2800 Nuper
694 2767 783 2799 inclyti
798 2767 920 2790 Germani
936 2767 1079 2790 Meisnerus
1098 2770 1123 2789 et
1142 2765 1328 2794 Endlieherus,
1347 2774 1429 2798 genus
1441 2768 1477 2791 uti
1490 2768 1619 2792 incertum
1632 2787 1638 2798 ‚
1653 2775 1769 2792 errorem
1782 2769 1856 2800 quasi
1871 2769 2095 2800 praesentiscenles
2106 2784 2112 2795 ,
2129 2768 2163 2791 ad
2178 2767 2309 2791 Celiidea-

624 2917 660 2947 (1)
681 2917 716 2939 De
733 2917 782 2939 hoc
795 2915 901 2938 nomine
914 2915 939 2937 in
953 2915 1014 2939 MSS
1028 2914 1060 2938 de
1071 2914 1234 2947 quibusjam
1246 2914 1364 2939 diximus
1377 2915 1412 2939 iti]
1427 2917 1476 2939 rite
1489 2915 1606 2948 loquitur
1623 2915 1715 2940 doctus
1727 2915 1854 2939 Canai-ius
1869 2916 1954 2940 viera.
1979 2927 1987 2936 ι
2000 2916 2060 2939 Este
2079 2914 2193 2946 apellido
2210 2914 2309 2938 Castel-

589 2963 648 2986 lano
666 2961 699 2985 de
715 2962 790 2985 Yerlm
803 2969 874 2984 mora
885 2960 1044 2992 provendria
1060 2961 1098 2983 sin
1114 2959 1183 2983 duda
1197 2960 1240 2984 del
1253 2961 1418 2993 equivoeado
1435 2962 1546 2986 nombre
1564 2970 1611 2986 con
1626 2970 1677 2994 que
1691 2962 1714 2985 la
1732 2962 1780 2993 oye
1794 2962 1878 2986 lamai-
1891 2961 1914 2986 el
1929 2969 1980 2994 que
1996 2962 2112 2994 primero
2129 2960 2153 2984 la
2169 2960 2307 2984 reconocio

584 3017 615 3034 en
634 3009 657 3032 cl
674 3009 746 3040 pais;
764 3014 827 3040 pues
840 3006 863 3030 la
879 3007 954 3031 Verba
969 3014 1040 3030 mora
1054 3014 1080 3031 es
1092 3006 1115 3031 el
1129 3006 1252 3031 Solanum
1267 3009 1359 3036 m'qrum
1375 3008 1465 3040 planta
1480 3016 1542 3040 muy
1555 3008 1681 3033 disereme
1696 3008 1737 3032 del
1751 3008 1898 3033 Hediondo.
1915 3018 1924 3029 ι
