2530 3969
1044 545 1215 591 (431)

540 746 568 784 t.
606 741 1086 787 CYNOMORI'UM
1127 742 1538 788 COCCINEUM.
1579 747 1719 790 M1cn.

315 863 351 896 (2.
369 862 464 895 caule
480 871 611 902 erecto,
626 863 774 908 squamis
792 863 875 897 raris
896 863 1063 909 appressis
1086 863 1307 897 transversim
1329 861 1473 897 dilatatis
1494 872 1611 906 aucto;
1632 866 1721 911 spica
1740 866 1888 909 clavata,
1908 867 1990 901 den-

265 934 390 969 sillora.

304 1006 428 1047 Fungus
445 1008 607 1047 typhoitles
622 1007 799 1038 Melitensis.
818 1008 916 1043 Bocc„
933 1008 978 1037 Pl.
997 1018 1055 1036 rar.
1073 1009 1138 1043 sic„
1155 1008 1210 1036 [ab.
1228 1009 1276 1038 81.

304 1072 521 1111 Cynomorium
535 1074 719 1104 coccineum.
733 1075 835 1111 Lirim,
850 1075 900 1115 Sp.
918 1075 974 1114 pl„
988 1086 1019 1114 p.
1039 1075 1126 1105 1375.
1137 1075 1215 1104 —C.
1238 1074 1275 1105 L.
1293 1073 1392 1110 Riclz.‚
1408 1074 1568 1114 Balanoph.
1586 1075 1616 1102 ιἰι
1629 1075 1713 1105 Mc‘m.
1733 1075 1772 1103 du
1787 1077 1878 1113 Mus„
1894 1079 1946 1108 vol.
1962 1080 1991 1111 8,

260 1145 292 1174 p.
309 1134 380 1172 420,
397 1136 451 1165 tab.
469 1138 518 1171 21,
536 1143 562 1165 et
575 1137 778 1177 separatz'm‚p.
797 1138 845 1174 17,
859 1138 913 1166 lab.
931 1138 961 1168 3.

312 1203 397 1236 ΗΑΒ.
417 1205 454 1236 In
471 1203 580 1237 insula
600 1206 803 1239 Lancerotta
821 1205 881 1239 ubi
902 1204 945 1238 ab
966 1205 1083 1239 incolis
1101 1202 1307 1238 comeditur.

311 1277 433 1311 Dls‘rr..
455 1288 582 1312 GEOGP..
605 1278 738 1324 Species
758 1286 808 1312 est
826 1279 974 1325 regionis
990 1279 1090 1313 maris
1110 1278 1350 1313 Mediterranei
1372 1290 1449 1323 quae
1471 1279 1488 1311 a
1511 1277 1724 1324 longitudine
1746 1279 1861 1326 oppidi
1888 1281 1991 1313 (Jmm

263 1350 379 1383 versus
399 1350 576 1384 Orientem
595 1350 627 1384 in
649 1351 815 1394 Siciliam,
834 1353 1004 1396 Melitam,
1024 1354 1160 1387 Cretam
1175 1361 1279 1399 atque
1299 1355 1484 1399 AEgyptum
1507 1351 1736 1398 protenditur.

295 1423 356 1448 Ons-
371 1423 511 1456 Speeimen
525 1424 683 1449 Canariense
697 1425 731 1449 ab
747 1426 779 1449 iis
794 1426 807 1448 ἰι
826 1427 907 1450 maris
920 1426 1108 1451 Mediterranei
1125 1427 1260 1450 littorIbus
1273 1425 1361 1449 allatis
1375 1425 1447 1449 nullo
1463 1425 1543 1449 modo
1556 1425 1653 1450 disseri.
1670 1425 1752 1458 Hujus
1767 1427 1858 1458 stirpis
1873 1426 1993 1456 analyscs

263 1486 317 1505 tam
331 1481 423 1513 plenas
434 1485 458 1504 et
473 1482 611 1513 perfectas,
622 1484 646 1506 in
661 1483 734 1506 Μόνη.
749 1485 781 1506 alu
792 1485 855 1507 Μιιε.
872 1484 963 1508 d'liist.
978 1489 1030 1508 ηαε.
1046 1483 1065 1507 Ι.
1082 1491 1116 1513 c.,
1132 1484 1205 1507 dedit
1221 1484 1249 1508 C.
1263 1484 1292 1507 L.
1308 1483 1435 1513 Richard,
1448 1487 1484 1510 ut,
1495 1484 1546 1506 nisi
1565 1483 1652 1508 adhuc
1662 1485 1752 1515 organi
1764 1492 1816 1515 quo
1827 1485 1943 1509 cinctum
1953 1491 1992 1509 est

261 1546 362 1565 stamen
376 1540 470 1572 (Palm
480 1541 509 1564 C.
525 1541 552 1565 L.
570 1542 658 1572 Rich.)
674 1549 734 1565 vera
752 1547 844 1566 natura
861 1542 1016 1574 exponenda
1032 1547 1109 1570 esset,
1127 1543 1216 1567 nescio
1232 1542 1297 1574 quid
1311 1543 1336 1565 in
1349 1542 1526 1574 descriptione
1543 1544 1587 1566 sua
1605 1542 1637 1566 de
1651 1542 1843 1567 inflorescentifi
1861 1551 1911 1567 non
1928 1545 1992 1568 satis

259 1598 361 1624 dictum
380 1601 424 1624 sit.
444 1600 561 1625 Existere
576 1601 601 1623 in
619 1600 669 1624 hac
683 1600 773 1632 planta
790 1600 866 1625 nores
880 1601 1113 1633 hermaphroditos
1128 1602 1230 1633 primus
1247 1601 1312 1624 mihi
1332 1600 1459 1624 indicavit
1474 1600 1560 1625 celeb.
1577 1601 1608 1624 R.
1627 1601 1735 1630 Brown;
1754 1600 1831 1626 flores
1847 1610 1991 1635 eorumque

259 1657 477 1683 adumbrationes
490 1659 504 1682 a
518 1659 619 1683 Bauero
632 1658 779 1683 delineatas
792 1664 852 1683 ante
866 1659 956 1683 oculos
968 1660 1067 1691 posuit.
1081 1658 1189 1683 eosdem
1200 1660 1290 1691 postea
1303 1660 1328 1682 in
1341 1659 1533 1691 speciminibus
1544 1660 1596 1683 vini
1611 1661 1705 1690 spiritu
1717 1660 1849 1684 immersis
1858 1660 1902 1684 sed
1913 1663 1991 1693 parci:

258 1714 411 1748 dispertitos
423 1717 478 1748 ipse
494 1718 590 1754 reperi.
605 1718 855 1742 Demonstraverunt
867 1719 933 1742 mihi
949 1718 1044 1743 eadem
1057 1726 1165 1750 quoque
1177 1719 1324 1750 specimina
1340 1718 1406 1741 bene
1422 1722 1554 1741 asservata
1566 1719 1669 1742 Puteum
1680 1718 1707 1742 C.
1721 1718 1750 1742 L.
1763 1718 1878 1742 Ricliard
1895 1719 1989 1751 stylum

258 1781 313 1798 esse
328 1775 411 1798 ovarii
428 1774 542 1798 abortivi
558 1779 583 1799 et
599 1776 775 1807 inconspicui,
792 1783 844 1807 quo
862 1783 967 1808 semper
981 1776 1107 1800 inseritur
1123 1776 1299 1800 filamentum.
1314 1776 1484 1800 Bractearum
1497 1776 1655 1807 peltatarum
1669 1777 1736 1799 inter
1749 1776 1826 1801 ssores
1839 1785 1989 1809 sparsurum

257 1833 356 1864 positio
370 1834 433 1857 satis
447 1833 576 1864 regularis
589 1837 626 1857 est
640 1843 645 1857 :
659 1833 749 1865 spirali
766 1834 833 1858 serie
852 1834 964 1858 insertas
979 1842 1035 1859 esse
1046 1835 1123 1859 facile
1137 1835 1293 1859 vIdendum.
1307 1835 1413 1858 Florum
1427 1835 1551 1866 gregibus
1564 1834 1680 1859 delinitis
1691 1837 1877 1867 cognationem
1891 1837 1991 1861 habere

257 1889 329 1913 haud
344 1889 521 1914 dubitandum
532 1909 538 1919 ,
553 1890 716 1922 quibusdam
731 1892 802 1915 enim
819 1892 928 1925 hujusce
944 1892 1046 1917 ordinis
1061 1893 1204 1925 generibus
1219 1893 1357 1920 loborum,
1375 1893 1474 1924 quibus
1491 1893 1564 1924 spica
1583 1897 1700 1920 constat,
1720 1893 1797 1918 bases
1815 1894 1948 1921 indicant,
1964 1900 1989 1919 et

261 1948 288 1971 in
307 1947 382 1976 aliis,
399 1955 510 1980 quorum
532 1947 726 1973 inflorescentia
747 1950 831 1980 magis
846 1950 993 1981 composita
1005 1966 1012 1977 ,
1028 1957 1117 1973 ramos
1132 1950 1145 1973 a
1162 1949 1236 1974 caule
1252 1949 1367 1973 florifero
1383 1949 1544 1982 prodeuntes
1559 1949 1732 1975 subtendunt.
1748 1951 1838 1976 Flores
1856 1953 1988 1978 masculos

255 2006 437 2038 femineosque
459 2012 484 2031 et
501 2007 643 2031 bracteolis
657 2012 682 2031 et
706 2007 775 2032 lobis
796 2008 924 2040 calycinis
946 2009 1086 2032 instructos
1107 2015 1162 2032 esse
1183 2008 1275 2036 credo,
1295 2015 1448 2039 quanquam
1466 2012 1520 2031 tam
1536 2008 1638 2033 similes
1652 2010 1703 2033 sint
1719 2014 1747 2033 ut
1763 2018 1814 2034 non
1831 2012 1881 2035 nisi
1895 2013 1984 2043 organi

257 2064 377 2098 ejusdem
389 2069 477 2097 partes
492 2073 548 2090 esse
561 2066 710 2090 videantur.
724 2066 784 2090 Haec
793 2067 912 2090 confusio
921 2065 1116 2089 bracteolarum
1131 2069 1155 2089 et
1169 2068 1363 2096 segmentorum
1378 2064 1454 2088 limbi
1469 2064 1565 2096 calycis
1577 2065 1703 2094 tubulosi,
1716 2068 1758 2090 cui
1770 2067 1849 2091 tubus
1861 2068 1984 2096 adnatus,

256 2125 283 2148 in
294 2124 510 2157 dicotyledonum
522 2125 663 2149 ordinibus
674 2126 772 2150 ovariis
786 2125 877 2150 inseris
889 2125 1023 2149 instructis
1034 2130 1084 2147 non
1096 2123 1202 2147 insolita
1215 2128 1263 2148 est.
1276 2124 1305 2147 ln
1317 2123 1451 2147 alabastro
1463 2123 1567 2148 novello
1577 2125 1712 2149 distinctio
1722 2126 1815 2150 horum
1828 2135 1985 2160 organorum

255 2183 353 2208 clarius
370 2189 458 2217 patet,
476 2185 530 2209 lobi
546 2187 618 2210 enirn
633 2187 744 2217 calycini
760 2188 775 2210 2
788 2186 828 2210 vel
844 2188 860 2210 5
877 2191 931 2210 tum
945 2186 1067 2218 proxime
1083 2185 1153 2210 circa
1170 2184 1230 2216 styli
1244 2184 1320 2207 basin
1335 2182 1505 2213 nidukmtur,
1519 2183 1654 2208 bracteola
1668 2190 1755 2210 autem
1769 2186 1802 2211 ad
1814 2187 1889 2211 basin
1901 2190 1984 2212 ovarii

255 2242 410 2268 collocatur.
424 2244 489 2268 Cum
501 2249 590 2268 autem
605 2244 653 2269 flos
663 2244 808 2269 admodum
823 2245 942 2269 novellus
955 2245 1135 2277 perianthium
1151 2243 1229 2268 simul
1242 2241 1445 2275 pentaphyllum
1458 2244 1632 2268 mentiuntur.
1648 2244 1675 2267 ln
1689 2244 1787 2269 fabrica
1803 2250 1892 2270 autem
1907 2247 1986 2279 hujus

255 2302 346 2334 stirpis
366 2303 507 2328 miratione
522 2304 641 2328 maxime
661 2303 758 2336 dignus
775 2308 813 2329 est
830 2304 912 2336 stylus
926 2303 1125 2336 complanatus,
1143 2303 1184 2328 cui
1201 2302 1305 2327 chorum
1320 2303 1335 2325 2
1351 2300 1563 2332 submarginales
1579 2301 1593 2325 a
1608 2302 1730 2334 stigmate
1750 2304 1776 2327 in
1792 2305 1873 2332 ovarii
1889 2312 1983 2330 cavum

254 2360 406 2386 decurrunt.
415 2363 512 2386 Earum
525 2363 598 2394 origo
611 2362 637 2386 in
651 2363 774 2394 stigmate
786 2362 858 2386 nullo
873 2362 952 2386 modo
959 2362 1109 2387 communis
1121 2365 1159 2386 est
1172 2365 1197 2385 et
1208 2367 1254 2393 per
1263 2364 1347 2384 totum
1361 2359 1504 2384 decursum
1515 2358 1607 2384 liberae
1620 2365 1692 2388 sunt,
1706 2360 1791 2387 donec
1798 2362 1844 2387 ubi
1858 2364 1982 2388 inseritur

253 2420 362 2445 ovulum
376 2421 443 2445 inter
454 2428 483 2445 se
496 2422 638 2446 confluant.
651 2421 676 2446 Si
691 2422 807 2446 examini
818 2421 959 2454 subjicitur
970 2421 1017 2445 slos
1030 2422 1073 2444 vix
1087 2425 1190 2448 enatus,
1206 2420 1298 2451 stigma
1311 2418 1420 2451 planum
1431 2422 1456 2442 et
1469 2417 1575 2442 cltordae
1592 2420 1675 2450 magis
1690 2420 1743 2444 imo
1759 2420 1793 2444 ad
1808 2420 1886 2445 basin
1900 2429 1982 2455 usque

253 2478 377 2511 sejunctae
389 2478 564 2511 apparebunt.
579 2479 642 2504 Haec
655 2478 760 2503 chordae
775 2483 818 2502 aut
835 2478 963 2510 stylorum
979 2478 1091 2502 duorum
1107 2477 1278 2502 coalitionem
1292 2480 1348 2504 aut,
1363 2483 1395 2500 ex
1409 2475 1561 2508 conjectura
1577 2477 1608 2501 R.
1628 2477 1722 2502 Brown
1739 2485 1844 2503 mecum
1860 2487 1982 2504 commu-

253 2537 351 2564 nicata,
363 2536 460 2568 stylum
473 2536 625 2568 Cynomorii
641 2537 812 2561 immutatum
826 2541 850 2561 et
865 2536 1087 2560 rudimentarium
1103 2542 1207 2567 semper
1220 2541 1375 2567 permanere
1390 2534 1518 2560 indicant.
1530 2536 1679 2560 Secundum
1690 2537 1845 2568 opinionem
1855 2546 1940 2569 suam,
1953 2540 1979 2563 in

253 2594 329 2619 Flora
337 2595 406 2619 Javae
419 2594 593 2627 divulgatam,
605 2602 710 2620 necesse
720 2599 759 2620 est
772 2602 803 2619 ex
818 2595 1011 2619 constructione
1024 2596 1070 2617 sua
1080 2593 1136 2617 solii
1147 2592 1298 2624 carpellaris
1310 2596 1412 2624 partem
1425 2592 1499 2616 illam
1512 2600 1545 2617 ex
1558 2595 1609 2625 qua
1624 2594 1764 2618 coniicitur
1772 2595 1854 2627 stylus
1863 2596 1979 2621 chordas

254 2653 352 2678 habere
360 2652 438 2678 binas
447 2653 604 2685 marginales
619 2655 791 2686 stigmaticas,
803 2661 861 2686 quae
873 2661 921 2686 per
930 2652 1120 2677 involutionem
1131 2652 1279 2682 marginum
1293 2649 1349 2674 solii
1367 2651 1449 2682 ipsius
1461 2651 1616 2683 carpellaris
1628 2652 1696 2676 inter
1709 2660 1737 2677 se
1749 2653 1776 2677 in
1788 2654 1888 2686 majore
1905 2655 1979 2687 plan-

255 2717 340 2737 tarum
353 2720 463 2737 numero
474 2713 618 2742 confluunt,
632 2714 658 2738 in
668 2716 755 2738 nostra
766 2718 855 2738 autem
869 2716 1024 2745 permanent
1037 2711 1154 2736 distincti
1168 2710 1215 2735 sed
1228 2710 1370 2741 margines,
1384 2717 1431 2742 per
1443 2718 1510 2742 quos
1521 2715 1639 2741 currunt,
1654 2712 1765 2737 involuti
1775 2715 1977 2746 propensionem

251 2770 388 2802 quandam
407 2771 441 2795 ad
462 2772 530 2797 lianc
548 2772 666 2797 fusuram
686 2772 811 2805 produnt.
831 2772 1024 2796 Corroboratur
1044 2770 1100 2794 liaec
1117 2769 1246 2793 sententia
1267 2768 1499 2792 observationibus
1519 2768 1659 2800 plurimis,
1676 2770 1701 2793 in
1721 2770 1795 2794 nullo
1814 2772 1886 2795 enim
1905 2771 1977 2796 floris

252 2832 319 2853 statu
330 2829 427 2860 stylum
438 2830 517 2854 altiits
528 2831 643 2854 divisum
657 2830 723 2858 vidi,
732 2831 789 2855 cavi
802 2837 938 2862 nunquam
950 2828 1059 2853 alterius
1072 2827 1170 2851 indicia
1183 2826 1209 2849 in
1219 2826 1309 2849 ovario
1318 2826 1416 2852 detexi,
1430 2825 1590 2859 ovulumque
1599 2834 1704 2860 semper
1713 2828 1863 2853 solitarium
1875 2830 1974 2857 inveni,

252 2889 407 2912 concavitas
421 2895 528 2920 quoque
543 2893 587 2912 aut
602 2888 702 2914 canalis
718 2887 777 2920 styli
787 2888 890 2915 'maturi
907 2894 1010 2919 semper
1025 2886 1059 2910 ab
1073 2885 1155 2909 ovarii
1171 2883 1252 2916 gibbo
1266 2884 1402 2908 avertitur.

284 2945 405 2971 Affinitas
418 2948 487 2972 certe
502 2948 620 2971 maxima
632 2951 670 2971 est
684 2947 836 2979 Cynomorii
853 2954 913 2971 cum
927 2945 1128 2978 Balanophoris,
1144 2943 1389 2975 Balanophorarum
1401 2947 1491 2968 autem
1507 2951 1566 2968 cum
1580 2943 1717 2973 Gunnerai,
1735 2944 1807 2977 quod
1819 2950 1929 2971 tractatu
1942 2946 1975 2971 de

252 3003 389 3036 speciebus
397 3005 555 3030 americanis
563 3005 685 3037 proximo
695 3005 996 3029 SocietatisLinneaneae
1008 3009 1129 3027 consessu
1141 3000 1277 3026 recitando
1289 3000 1423 3033 probabo;
1436 3009 1497 3026 cum
1512 3001 1692 3027 Rafflesiaceis
1704 3003 1771 3026 nihil
1785 3005 1974 3035 cognitationes

253 3063 352 3088 habere
367 3071 414 3096 pro
429 3068 500 3089 certo
515 3071 610 3090 censeo
620 3083 626 3095 ,
640 3065 655 3088 a
670 3064 767 3097 quibus
779 3064 880 3089 cunctis
893 3063 1027 3095 quantIvis
1043 3061 1170 3085 momenti
1185 3060 1382 3085 characteribus
1397 3064 1491 3092 praeter
1505 3061 1703 3092 parasitismum
1719 3060 1854 3087 differunt.
1868 3064 1970 3090 Accidit

255 3123 295 3152 iis,
313 3123 350 3147 uti
365 3122 461 3154 plantis
476 3123 528 3147 sere
543 3123 666 3148 omnibus
681 3123 887 3156 phanerogamis
898 3119 1113 3154 parasitantibus‚
1127 3118 1214 3143 ordini
1228 3118 1318 3143 referri
1336 3125 1412 3150 posse
1425 3119 1466 3143 cui
1478 3120 1579 3156 species
1589 3123 1733 3151 prototypae
1744 3121 1847 3152 organis
1855 3129 1973 3148 accesso.
