2530 3969
1448 478 1459 519 (
1492 474 1573 513 320
1606 479 1616 516 )

671 567 908 624 glomerati
929 567 999 610 vel
1019 566 1075 608 ad
1093 566 1265 622 apicem
1286 581 1521 608 ramorum
1544 566 1592 606 in
1614 562 1843 621 paniculus
1868 560 2023 604 breves
2046 561 2391 604 exn-it-axillares

673 649 861 694 ramulis
879 647 1200 691 foliiformibus
1218 647 1443 691 sterilibus
1459 647 1683 705 oppositos
1700 643 1870 700 digesti.

1184 785 1390 819 Smne-mins
1423 787 1449 819 1.
1486 783 1790 820 SALMACIS
1816 782 1881 829 (1).

727 871 844 904 Flores
869 870 1022 917 margine
1054 870 1103 904 vel
1129 871 1243 905 medio
1267 872 1388 906 ramuli
1412 872 1605 907 soliiformis
1625 871 1845 920 prodeuntes,
1868 868 1984 911 dicaci,
2002 866 2139 901 masculi
2160 866 2276 900 orario
2295 864 2394 898 effeto

677 943 811 978 feminei
824 944 1024 978 staminibus
1037 945 1145 979 effetis
1158 946 1208 979 vel
1224 949 1321 992 parce
1333 946 1530 993 pollinil'eris
1544 946 1686 994 praediti.
1702 945 1871 992 Perigonii
1887 943 2014 978 laciniae
2026 942 2093 976 basi
2107 941 2237 975 tantum
2248 940 2390 975 coalitzc.

709 1018 767 1041 Ous.
789 1017 874 1041 Genus
887 1018 975 1041 Danae
989 1025 1058 1041 anno
1070 1018 1134 1042 ¹782
1147 1018 1162 1041 a
1175 1022 1301 1042 novatore
1316 1019 1452 1050 ingenioso
1466 1019 1536 1042 F.·C.
1547 1020 1645 1043 Medico
1658 1023 1791 1051 praeeuute
1802 1017 1965 1046 Dioscorida,
1977 1017 2018 1041 cui
2032 1023 2127 1040 nomen
2141 1019 2178 1039 est
2189 1014 2302 1038 alterum
2315 1013 2391 1036 Lauri

677 1083 728 1099 sure
742 1075 931 1105 atexandrinoe,
946 1080 1006 1099 aute
1019 1076 1135 1099 Danaam
1149 1080 1193 1099 aut
1206 1076 1330 1100 Danaeam
1343 1077 1430 1101 Danae
1445 1077 1510 1100 Italo
1523 1076 1621 1101 celebri
1638 1076 1754 1102 dicatam
1768 1082 1793 1102 et
1809 1082 1869 1101 ante
1881 1077 2038 1100 Danaidiam
2051 1081 2149 1099 comm.
2162 1072 2298 1097 conditum
2313 1071 2360 1095 suit
2371 1076 2395 1094 et

676 1132 854 1164 divulgatum,
879 1140 927 1157 nec
947 1133 1007 1165 ergo
1030 1132 1154 1156 Danaidae
1170 1134 1252 1157 Danai
1269 1133 1364 1157 scilicit
1383 1133 1444 1157 fitiae
1463 1142 1523 1158 cum
1538 1135 1622 1159 celeb.
1643 1135 1736 1159 Linkio
1751 1136 1859 1167 (Handb.
1884 1136 1934 1160 vol.
1960 1137 1971 1158 1
1983 1152 1989 1162 ‚
2006 1142 2065 1166 paq.
2083 1133 2148 1164 274)
2166 1131 2343 1155 transferenda
2359 1134 2394 1153 est

677 1198 772 1215 corona
787 1191 923 1216 butanica.
941 1192 1063 1216 Admissa
1079 1194 1168 1217 Danae
1183 1199 1229 1223 pro
1243 1193 1330 1224 specie
1343 1192 1487 1224 archetypa
1503 1193 1634 1224 subgenus
1649 1193 1761 1217 alterum
1777 1193 1872 1217 ditioni
1887 1198 1981 1217 nostrae
1994 1192 2109 1216 alienum
2126 1188 2289 1214 cudendum.

1451 1276 1630 1301 AcntstA.

711 1346 800 1369 Flores
813 1346 954 1377 paniculati
966 1363 971 1372 .
989 1346 1211 1378 hermaphroditi.
1229 1347 1360 1378 Perigonii
1381 1346 1483 1371 lucini-‘n
1500 1347 1566 1370 uitri:
1584 1346 1702 1370 inedium
1727 1346 1839 1370 coalitae.
1855 1359 1887 1364 —
1902 1347 2007 1378 Species
2028 1346 2104 1369 unica
2128 1345 2228 1368 Ruseus
2249 1349 2400 1367 racemosus

680 1405 756 1428 Linn.
772 1405 860 1428 Danae
876 1404 976 1428 Laurus
994 1405 1061 1429 Med.
1075 1403 1257 1438 (Monadelph.
1273 1413 1332 1438 pag.
1346 1406 1479 1430 72·Danae
1492 1413 1627 1429 racemosa
1643 1406 1759 1431 Moenctt,
1778 1405 1859 1429 meth.
1875 1412 1933 1436 pag.
1951 1405 2022 1433 170).

711 1462 829 1486 Alterum
844 1468 950 1494 quoque
964 1463 978 1485 a
991 1464 1069 1486 Ilurco
1084 1464 1279 1495 excerpendum
1295 1471 1376 1495 genus
1386 1465 1477 1488 Ruscus
1490 1464 1553 1488 olim
1566 1464 1710 1487 reticulatus
1722 1463 1829 1486 Thunb.
1842 1461 1992 1486 Fruticulus
2002 1466 2040 1485 est
2054 1461 2221 1492 androgynus
2235 1459 2274 1483 vel
2289 1459 2399 1483 dioeeus.

679 1528 731 1544 non
742 1520 855 1544 illoetum
870 1520 968 1545 belluis
982 1521 1077 1545 durum
1091 1527 1179 1546 tamen
1195 1527 1300 1554 pastum
1314 1524 1339 1546 in
1354 1522 1448 1547 Asrieae
1462 1522 1590 1546 Australis
1605 1522 1718 1546 saltibus
1733 1522 1868 1554 praebens,
1885 1521 1926 1545 cui
1941 1527 2037 1545 nomen
2051 1519 2228 1551 imposuimus
2239 1517 2400 1550 Hylonomes

679 1580 801 1612 nymphae
816 1588 822 1603 z

1031 1643 1175 1650 ......
1195 1628 1247 1657 qua
1262 1626 1334 1650 nulla
1349 1627 1475 1651 nitentior
1492 1628 1560 1650 inter

1029 1672 1171 1696 Semiferos
1183 1671 1243 1696 altis
1255 1672 1386 1696 habitavit
1400 1672 1498 1696 semina
1514 1672 1612 1704 sylvis:
1764 1671 1821 1703 (Ov.
1838 1671 1908 1698 Met..
1921 1671 1963 1700 12,
1978 1670 2048 1700 405.)

680 1750 791 1775 quaeque
804 1747 909 1767 mortuo
921 1742 1026 1775 Cyllaro
1042 1744 1135 1767 marito
1150 1743 1338 1767 Centaurorum
1353 1743 1533 1775 pulcherrimo
1546 1747 1677 1775 superstes
1691 1743 1780 1767 vivere
1793 1741 1891 1767 noluit.

1375 1826 1607 1850 llYLONOME.
1632 1826 1706 1850 Non.

713 1898 810 1922 Fnonss
819 1897 908 1922 dioeci.
919 1898 1076 1922 Psmcomn
1087 1898 1163 1930 floris
1175 1899 1281 1922 masculi
1295 1898 1463 1929 to-partitum
1476 1897 1540 1921 tubo
1552 1898 1621 1920 intus
1631 1896 1798 1928 glanduloso,
1811 1895 1917 1920 laciniis
1932 1896 1947 1918 5
1963 1894 2141 1919 exterioribus
2158 1894 2315 1926 majoribus,
2327 1896 2403 1919 sessi-

680 1955 901 1988 libus,gtandutis
912 1958 927 1980 5
938 1957 1064 1988 stipitatis
1077 1957 1165 1980 versus
1179 1956 1254 1980 basin
1266 1957 1359 1986 auctis,
1369 1958 1385 1980 5
1394 1955 1563 1980 interioribus
1577 1955 1735 1981 minoribus,
1749 1954 1889 1986 stipitatis,
1901 1952 2092 1985 eglandutosis.
2105 1953 2218 1977 Suum
2229 1953 2400 1982 5,distineta,

681 2014 825 2039 filamentis
839 2016 915 2046 ap1ce
931 2014 1022 2039 liberis
1033 2033 1040 2045 ,
1055 2022 1116 2038 mox
1132 2015 1156 2038 in
1170 2014 1320 2046 cylindrum
1335 2014 1460 2046 gracilem
1474 2022 1533 2038 cum
1547 2014 1630 2037 ovarii
1647 2012 1717 2037 effeti
1731 2013 1822 2044 stipite
1836 2013 1908 2036 tenui
1921 2014 1993 2036 arete
2005 2011 2132 2036 coalitum
2145 2031 2151 2042 ,
2164 2012 2282 2037 antheris
2300 2013 2401 2042 ovans,

681 2072 761 2097 dorso
777 2073 873 2099 affixis.
888 2074 982 2098 Sruus
995 2075 1089 2102 tenuis,
1105 2073 1268 2105 longitudine
1279 2074 1433 2098 staminum.
1445 2073 1540 2096 Sricut
1552 2073 1707 2105 capitatum,
1718 2071 2033 2103 discoideo-z-quetrum.
2045 2071 2202 2096 Psmcowa
2209 2071 2286 2104 floris
2295 2071 2401 2095 feminei

682 2133 800 2158 masculo
813 2133 911 2164 simile,
924 2134 989 2158 tubo
1000 2134 1094 2159 latiore
1107 2133 1280 2165 eglanduloso
1289 2151 1296 2161 ,
1310 2133 1414 2158 laciniis
1424 2132 1571 2165 majoribus
1582 2131 1784 2163 2-gtandutosis.
1797 2131 1917 2155 Onnum
1977 2130 2090 2154 Cnsum
2103 2131 2202 2162 stipitis
2214 2130 2320 2162 gracilis
2331 2131 2400 2163 apici

681 2193 845 2225 impositam,
858 2193 1006 2222 chartacea,
1019 2192 1185 2220 maculans,
1203 2191 1297 2216 loculis
1308 2196 1368 2215 ante
1384 2192 1564 2215 maturitatem
1579 2190 1657 2214 dorso
1670 2191 1823 2222 deperiente
1835 2189 2048 2215 dehiscentibus,
2063 2189 2145 2213 SmmN
2160 2190 2185 2213 in
2197 2196 2302 2221 quoque
2316 2189 2402 2214 loculo

683 2253 708 2280 1,
723 2253 896 2275 immaturum
911 2250 1023 2279 nudum,
1038 2250 1135 2275 subdiu
1149 2255 1321 2274 maturatum.
1332 2263 1363 2267 --
1375 2250 1421 2281 Sp.
1436 2249 1524 2277 unica,
1539 2249 1571 2272 H.
1585 2248 1726 2273 reticulata.

1103 2386 1138 2426 1.
1180 2382 1393 2426 DANAE
1423 2380 1826 2425 ANDROGYNA.
1868 2380 1977 2423 Noss.

733 2481 778 2513 D.
798 2477 892 2514 caule
909 2478 1106 2521 scandente,
1129 2479 1231 2512 ramis
1252 2478 1477 2512 teretiusculis
1496 2477 1644 2524 squamis
1662 2476 1854 2511 lanceolatis
1871 2478 1989 2518 acutis,
2011 2473 2150 2508 ramulis
2166 2472 2313 2507 foliaceis
2333 2472 2404 2506 lan-

684 2553 822 2587 ceolatis
841 2554 893 2588 vel
911 2553 1229 2595 ovato-lanceolatis‚
1246 2552 1315 2586 basi
1335 2552 1515 2587 attenuatis
1530 2551 1582 2585 vel
1602 2549 1832 2594 subeordati53
1852 2549 1996 2584 floribus
2013 2547 2224 2591 lasdculafis,
2245 2546 2405 2581 fasciculis

685 2629 718 2664 in
737 2629 882 2664 crenulis
900 2628 1063 2663 brevibus
1077 2628 1117 2662 ad
1137 2628 1306 2675 mxu-giites
1325 2627 1535 2662 ramulorum
1554 2626 1737 2674 dispositi5‚
1759 2625 1957 2672 pedunculiS
1976 2624 2159 2672 gracilibus
2179 2622 2353 2658 brevibus.

724 2794 760 2824 (1)
781 2793 894 2817 Satmaci
910 2792 1032 2824 nymphae
1046 2789 1164 2815 dicatum
1180 2791 1233 2817 cui,
1250 2791 1270 2813 si
1285 2790 1370 2822 poetis
1387 2788 1549 2814 credendum
1565 2797 1570 2812 z

1025 2873 1198 2885 .......
1218 2861 1301 2884 forma
1317 2859 1414 2892 duplex
1427 2867 1475 2884 nec
1488 2859 1585 2884 semina
1598 2860 1663 2885 dici.

1022 2909 1074 2932 Nee
1089 2915 1154 2940 puer
1173 2912 1200 2931 ut
1217 2909 1310 2939 possit.
1329 2917 1338 2926 ιι
1823 2904 1894 2934 (Ov.,
1911 2905 1980 2932 Met„
1999 2905 2021 2931 t,
2039 2904 2111 2934 575.)

690 2989 717 3008 ut
729 2983 845 3016 nympha
860 2982 895 3006 ita
908 2988 1014 3013 quoque
1031 2981 1117 3005 frutex
1134 2984 1220 3003 noster
1233 2980 1416 3010 androgynus:

1020 3064 1029 3073 ι
1046 3053 1186 3076 concretus
1199 3059 1263 3075 sexu
1276 3050 1321 3075 sed
1337 3058 1387 3074 non
1403 3049 1532 3081 perlectus
1548 3048 1652 3072 eodem.
1670 3058 1678 3068 ·
1798 3049 1916 3078 (Assos.)
