2530 3969
958 468 1130 516 (111)

283 730 390 784 Quoe
408 732 653 785 sequuntur,
674 725 771 766 ciam
793 723 846 765 de
867 720 1023 764 Saloiis
1044 720 1267 776 agebatur,
1289 721 1471 770 omissa,
1493 720 1562 762 hic
1581 721 1642 762 ad
1661 721 1821 762 calcem

836 803 999 846 ordinis
1018 803 1256 846 inserimus,

233 1062 311 1095 Osss.
331 1061 473 1094 Diversa
492 1059 775 1094 connectivorum
795 1059 909 1104 facies,
925 1058 986 1094 sed
1002 1058 1068 1094 hoc
1086 1070 1150 1107 pro
1169 1065 1266 1094 certo
1282 1057 1464 1092 observavi
1485 1057 1662 1104 nunquam
1679 1068 1720 1090 ex
1740 1063 1814 1090 toto
1829 1054 1918 1090 defi-

184 1147 259 1170 cere
284 1134 414 1179 locula‚
435 1138 674 1169 connectivum
698 1142 814 1168 autem
833 1133 945 1169 locula
967 1145 1105 1181 semper
1128 1133 1325 1180 quanquam
1351 1131 1551 1178 inaequalia,
1573 1139 1607 1166 et
1626 1132 1757 1165 minute
1778 1129 1919 1177 pollini-

185 1209 252 1243 fera
264 1236 272 1252 ,
291 1220 424 1255 gerere.
444 1206 549 1251 Quod
565 1206 720 1243 nondum
740 1206 852 1243 adhuc
870 1208 934 1243 rite
951 1209 1142 1256 cognitum.
1161 1209 1256 1255 Saepe
1274 1206 1557 1241 connectivorum
1584 1205 1695 1252 apices
1719 1203 1922 1239 dividuntur

185 1291 218 1317 et
246 1283 314 1317 lobi
341 1282 476 1317 diverse
501 1294 566 1330 per
585 1281 727 1317 dorsum
755 1282 908 1317 anthei-{e
940 1282 1082 1329 majoris
1107 1281 1316 1324 decurrunt3
1339 1279 1429 1315 unde
1452 1280 1552 1326 origo
1575 1279 1732 1314 dentium
1756 1290 1833 1326 quae
1857 1279 1919 1313 ali-

185 1356 324 1404 quando
345 1356 506 1391 videntur
527 1356 569 1391 ad
589 1364 721 1403 partem
741 1356 931 1390 connectivi
958 1355 1016 1402 qui
1039 1367 1109 1389 sese
1132 1355 1197 1389 late
1221 1353 1395 1389 dilatatam
1416 1352 1566 1388 ostendit
1587 1352 1646 1387 ubi
1669 1361 1704 1387 et
1723 1353 1917 1388 loculorum

183 1430 434 1465 abortientium
461 1431 614 1477 reliquiae
633 1430 835 1478 polliniferae
855 1436 1050 1477 supersunt.
1071 1428 1113 1462 Hi
1133 1440 1229 1462 casus
1249 1439 1370 1461 omnes
1388 1429 1421 1461 in
1449 1426 1561 1461 tabula
1581 1434 1744 1473 sequente
1766 1425 1916 1461 videndi.

760 1541 1063 1572 EXPLICATIO
1103 1541 1208 1571 TAB.
1254 1529 1350 1570 167.

235 1637 276 1669 A.
297 1636 428 1671 Salvia
445 1637 665 1683 (egyptiaca.
684 1638 785 1671 LINN.
809 1649 840 1671 1.
860 1637 942 1671 Flos
962 1636 1063 1670 vicies
1082 1642 1212 1669 auctus.
1239 1646 1274 1668 2.
1293 1634 1399 1680 Calyx
1421 1632 1512 1666 labio
1531 1632 1692 1667 inferiore
1715 1640 1808 1668 secto
1831 1643 1922 1681 pate·

187 1711 302 1745 factus.
326 1708 357 1743 3.
379 1709 539 1743 Stamina.
557 1709 590 1753 4.
609 1709 723 1756 Stylus
740 1709 919 1756 aequaliter
933 1708 1118 1743 bilobatus.
1135 1708 1168 1743 5.
1187 1707 1301 1755 Stylus
1327 1707 1407 1741 lobo
1429 1707 1542 1742 antico
1563 1707 1614 1741 vel
1636 1707 1715 1741 labii
1735 1708 1923 1755 superioris

190 1790 343 1818 truncato
360 1783 413 1817 vel
435 1783 655 1817 brevissimo.

237 1860 273 1892 B.
295 1857 426 1892 Salvia
445 1857 689 1892 clandestina.
711 1859 812 1892 me.
839 1869 867 1890 1.
893 1857 972 1890 Flos
991 1856 1177 1903 quinquies
1203 1863 1334 1889 auctus.
1356 1868 1389 1889 2.
1409 1855 1514 1902 Calyx
1542 1863 1681 1902 apertus
1710 1855 1925 1903 marginibus

190 1931 270 1964 labii
298 1931 482 1978 superioris
512 1930 741 1978 induplicatis.
770 1929 805 1964 3.
841 1931 1010 1973 Stamina,
1044 1942 1068 1964 α
1098 1930 1291 1964 connectixi
1320 1941 1397 1976 pars
1432 1928 1569 1963 dentata
1607 1929 1742 1976 lateque
1773 1929 1921 1965 dilatata.

192 2003 213 2037 b
231 2004 380 2038 antherae
401 2004 610 2051 imperfectae
632 2004 857 2038 minutissime
880 2003 1091 2050 polliniferae.
1110 2003 1145 2047 [1.
1166 2002 1315 2037 Anthera
1335 2002 1502 2049 perfecta,
1525 2004 1543 2035 a
1560 2002 1662 2037 ‹lorso
1676 2004 1743 2037 visa
1762 2012 1798 2037 ut
1819 2016 1924 2052 appa-

190 2087 263 2113 reat
279 2078 517 2112 connectivum
538 2078 632 2125 apice
650 2077 846 2112 dentatum.

241 2154 280 2187 C.
298 2151 431 2186 Salvia
452 2151 697 2186 canariensis.
716 2151 822 2184 LmN.
854 2162 883 2184 1.
905 2149 985 2183 Flos
1006 2157 1058 2182 ter
1074 2157 1207 2184 auctus.
1238 2162 1269 2184 2.
1297 2149 1402 2197 Calyx
1428 2162 1507 2184 cum
1533 2151 1620 2198 stylo
1646 2160 1680 2186 ct
1704 2150 1923 2198 mericarpiis.

191 2225 226 2259 3.
244 2226 383 2260 Corolla
398 2234 512 2274 aperta
529 2237 607 2260 curn
629 2223 847 2260 staminibus.
866 2223 902 2268 4.
924 2223 1007 2271 styli
1027 2223 1110 2258 lobi.

1286 2300 1486 2334 Vicecomes
1513 2302 1567 2334 DE
1594 2295 1700 2335 NOE.
