2530 3969
1067 500 1237 548 (273)

284 590 335 619 vol.
355 592 383 627 1,
396 602 466 630 pag.
485 593 553 622 211.
575 609 614 614 —
633 593 709 622 Poir.
724 614 732 629 ‚
747 594 840 632 suppl.
853 614 861 629 ,
876 591 927 620 vol.
942 592 960 620 2
971 612 979 628 ,
995 602 1067 630 pag.
1082 591 1151 622 696.
1164 590 1288 620 —Lz'nk
1303 592 1331 620 in
1349 590 1439 621 Buch.
1462 591 1577 620 Beschr.
1591 614 1600 628 ,
1616 593 1692 623 Can.
1711 593 1769 621 Ins.
1783 615 1791 629 ‚
1806 605 1874 633 pag.
1894 596 1950 625 159
1960 618 1968 632 ,
1982 604 2008 626 ee

283 654 373 684 Buclz.
383 677 390 691 ,
407 655 488 692 ibid„
503 668 574 696 pag.
590 658 656 687 183.

323 721 407 758 Faya
421 720 647 750 Canariensium
662 727 692 750 et
706 721 860 760 syncarpia
877 720 987 750 Creces.

321 785 348 814 F
350 796 405 824 aya
417 784 626 814 insulanorum
641 783 771 813 Maderae
785 783 1015 814 Lusitanorum.

331 853 416 886 ΗΑΒ.
432 852 621 885 Nemorum
634 848 892 883 Canariensium
912 850 1049 898 propria
1069 851 1158 886 cives
1173 852 1305 897 Faya,
1327 859 1404 886 ante
1426 852 1540 900 sylvas
1559 852 1698 887 dumeta
1715 866 1856 901 quoque
1873 856 1952 890 colit
1971 864 2004 891 et

281 924 305 957 si
322 924 386 958 511ae
402 923 527 958 incuria}
544 923 722 957 hominum
737 930 770 957 et
784 935 948 970 pecorum
965 936 1082 959 morsu
1095 933 1232 960 vastatae
1246 926 1434 961 reluctatur
1451 926 1570 960 ultima
1584 934 1687 973 atque
1702 927 1831 972 obstat,
1849 940 1925 962 cum
1941 941 2004 963 no—

281 998 366 1032 viter
388 997 524 1031 consitae
546 995 723 1031 sororibus
744 997 850 1031 anteit
874 1005 908 1032 et
932 1005 1037 1033 terras
1057 999 1165 1046 prima
1185 1001 1296 1035 vestit.
1318 1001 1464 1035 Fructus
1487 1000 1614 1036 Creces
1637 1000 1718 1036 dicti
1740 1000 1859 1036 edules
1881 1010 1914 1036 et
1934 1014 2002 1037 non

280 1071 441 1104 insuaves.

327 1146 449 1178 DlsTR.
468 1155 595 1179 Gssoor..
618 1144 747 1179 Crescit
758 1143 830 1179 haec
845 1144 946 1179 arbos
961 1146 994 1180 in
1009 1146 1115 1180 insula}
1128 1147 1265 1183 Maderii
1278 1157 1312 1182 et
1325 1149 1357 1182 in
1372 1149 1539 1183 Asturum
1551 1148 1782 1197 archipelago‚
1801 1149 1860 1183 ubi
1874 1161 2003 1184 nomen

278 1218 371 1254 dedit
389 1218 505 1252 insulse
523 1219 636 1266 Fayai.
657 1219 768 1267 Faya
782 1227 817 1254 et
831 1219 944 1266 Haya
961 1222 1129 1256 Lusitanis
1145 1230 1179 1256 et
1198 1223 1355 1271 Hispanis
1369 1236 1446 1271 quae
1458 1223 1589 1259 Latinis
1602 1224 1733 1272 Fagus
1745 1253 1756 1268 ,
1777 1225 1824 1259 ob
1842 1225 2002 1260 similitu·

277 1291 391 1327 dinem
410 1292 543 1326 arboris
561 1300 685 1327 nostrae
704 1305 781 1327 cum
801 1294 910 1342 Fago
928 1295 1114 1341 sylvestri,
1133 1309 1210 1343 quae
1228 1297 1283 1333 vix
1299 1297 1383 1332 mihi
1398 1311 1476 1333 vera
1490 1297 1638 1334 videtur.
1663 1299 1798 1333 Colitur
1819 1300 1850 1334 in
1872 1300 2004 1335 Lusita-

277 1366 340 1399 niae
356 1365 437 1400 lucis
450 1373 484 1400 et
499 1366 725 1404 ambulacris!
746 1368 805 1403 ubi
819 1381 859 1403 ex
876 1372 1022 1405 Brotero
1041 1370 1062 1404 l.
1081 1383 1111 1405 c.
1130 1370 1284 1406 Samoco
1299 1370 1424 1406 dicitur
1439 1380 1473 1407 et
1486 1372 1599 1420 Faya
1613 1372 1681 1407 das
1696 1372 1818 1409 Illzczs.
1834 1375 1872 1408 In
1887 1375 2003 1420 pineto

276 1441 371 1487 regio
390 1443 498 1488 prope
515 1441 682 1489 oppidum
705 1443 814 1478 Leiria
833 1451 867 1478 et
886 1444 918 1478 in
938 1445 1095 1492 Cynthize
1114 1447 1291 1490 montosis,
1313 1446 1372 1481 ubi
1389 1459 1525 1495 semper
1541 1448 1640 1482 nobis
1657 1448 1785 1483 consita
1799 1449 1866 1483 visa
1881 1457 1944 1493 est,
1963 1461 2004 1483 ex

277 1515 400 1550 eodem
416 1517 510 1563 quasi
530 1525 716 1564 spontanea
737 1518 822 1553 facta
842 1526 905 1553 est.
927 1521 963 1553 In
984 1519 1144 1566 Algarbifi
1161 1521 1356 1568 indigenam
1372 1521 1496 1557 vidisse
1516 1522 1615 1557 nobis
1631 1522 1812 1557 affirmavit
1831 1523 1940 1558 celeb.
1957 1531 2005 1558 at-

277 1604 342 1638 que
356 1591 578 1626 amicissimus
597 1592 799 1628 chiliarchus
815 1596 903 1642 Bory
919 1594 962 1629 de
982 1596 1104 1630 Sancto
1120 1596 1278 1631 Vincent.
1299 1598 1369 1631 Nec
1386 1597 1525 1641 mirum,
1543 1610 1622 1632 nam
1640 1598 1671 1631 in
1690 1598 1919 1646 pulcherrim&
1932 1600 2005 1633 Mo-

276 1666 462 1701 naehorum
486 1668 577 1715 sylvfi
604 1668 784 1703 Busacensi
811 1669 901 1704 inter
929 1669 1070 1704 arbores
1097 1672 1175 1705 vere
1200 1671 1375 1719 indigenas
1401 1674 1605 1720 proceritate
1637 1681 1773 1720 praestat
1799 1674 2005 1722 sziperus

274 1741 412 1789 glauca
431 1742 573 1785 Lamck‚
592 1742 766 1777 uberrima
784 1743 875 1778 enim
891 1745 1074 1788 Lusitania,
1093 1744 1139 1779 ibi
1160 1744 1302 1780 favoniis
1321 1746 1461 1782 ardores
1482 1747 1575 1781 leniti
1593 1754 1628 1781 et
1647 1747 1768 1795 frigus,
1790 1757 1893 1795 atque
1910 1749 2005 1783 omni

278 1813 439 1849 idoneum
459 1823 493 1850 et
507 1816 631 1851 coelum
649 1824 683 1851 et
703 1825 805 1852 terra.

866 1944 1151 1975 EXPLICATIO
1182 1945 1284 1976 TAB.
1318 1936 1423 1977 216.

336 2047 362 2070 ι.
384 2037 548 2071 Ramulus
561 2037 704 2072 floribus
723 2039 880 2074 masculis
899 2048 1054 2075 onustus.
1075 2053 1108 2075 2.
1134 2041 1298 2076 Ramulus
1312 2041 1476 2077 fructifer.
1497 2041 1532 2076 3.
1556 2043 1636 2077 Flos
1654 2043 1822 2077 masculus
1842 2042 2006 2077 3-stan1i—

281 2109 384 2153 nister,
403 2122 480 2144 cum
498 2110 648 2156 bractea,
670 2115 861 2149 retrorsum
877 2114 958 2149 visa.
978 2117 1011 2151 4.
1029 2116 1108 2150 Flos
1123 2116 1311 2160 masculus,
1332 2117 1529 2151 antrorsnm
1550 2117 1656 2161 visus,
1676 2116 1916 2162 5-stamineus‚
1938 2125 2004 2152 sla-

281 2184 370 2217 mine
389 2184 509 2230 quinto
527 2186 672 2221 minore.
698 2187 732 2223 5.
755 2187 898 2223 Florum
917 2189 1147 2224 femineorum
1166 2191 1379 2238 glomerulus
1398 2191 1579 2239 depressus
1595 2193 1614 2226 ὰ
1635 2204 1786 2239 squamae
1804 2193 1902 2228 axillfi
1918 2205 2003 2240 pro-

278 2257 386 2291 diens.
406 2258 439 2293 6.
453 2259 567 2305 Stylus
580 2272 659 2294 cum
673 2262 803 2296 ovario.
824 2276 858 2310 7.
875 2264 1099 2311 Syncarpium
1118 2264 1366 2312 4-drupaceum
1386 2266 1633 2313 longitrorsum
1652 2274 1794 2301 sectum.
1812 2267 1847 2302 8.
1865 2269 2004 2314 Syncar-

279 2332 374 2378 pium
393 2331 569 2380 3-earpum
586 2334 834 2383 longitrorsum
850 2344 992 2372 sectum.
1016 2351 1049 2385 9.
1073 2340 1194 2373 Semen
1209 2340 1326 2387 junius
1344 2341 1492 2387 tegmine
1509 2341 1645 2389 hyalino
1665 2341 1825 2377 indutum
1839 2340 1933 2389 (casu
1949 2341 2003 2376 di-

279 2406 396 2453 rupto)
416 2408 642 2456 embryonem
655 2409 832 2445 exhibens.
861 2424 915 2446 10.
938 2413 1059 2446 Semen
1076 2420 1264 2448 maturum.

417 3142 462 3163 ιη.
472 3135 557 3167 —(3²
572 3137 661 3170 secr.)
1841 3144 1877 3172 35
