2530 3969
1036 459 1203 507 (275)

688 722 1267 802 GNETACEAE.
1323 723 1538 794 BLUME.

810 977 1195 1029 EPHEDRA.
1244 976 1420 1026 LINN.

256 1101 564 1163 Ennmcn„
594 1101 730 1152 Gen.
749 1121 875 1172 pag.
910 1100 1030 1153 263.
1049 1101 1231 1151 —TH.
1261 1097 1425 1159 NEES,
1447 1097 1511 1149 ab
1535 1097 1621 1148 Es.
1655 1098 1787 1149 Gen.
1810 1116 1976 1170 germ.

512 1270 547 1311 1.
580 1267 925 1312 EPHEDRA
955 1264 1573 1324 EQUISETIFORMIS.
1605 1265 1723 1308 Noss.

302 1376 342 1409 E.
358 1374 466 1409 frutex
480 1374 702 1419 decumbens,
719 1376 822 1410 ramis
838 1376 956 1410 crassis
975 1374 1128 1417 nodosis,
1150 1374 1291 1408 ramulis
1304 1374 1473 1420 plurimis,
1495 1373 1691 1421 gracilibus,
1707 1373 1978 1415 confertissimis,

252 1448 429 1494 brevibus,
448 1450 643 1493 tenacibus,
660 1450 814 1484 obsolete
831 1449 971 1493 striatis,
995 1448 1127 1483 levibus
1139 1475 1147 1491 ‚
1165 1448 1293 1491 acutis3
1314 1447 1403 1482 soliis
1417 1448 1449 1482 in
1466 1448 1621 1495 vaginam
1639 1449 1795 1495 longam,
1813 1447 1982 1496 cylindru-

252 1535 359 1566 ceam,
377 1524 540 1570 utrinque
559 1525 758 1567 coloratam,
777 1524 1028 1572 persistentem,
1042 1521 1267 1564 2-(lentatam,
1283 1520 1444 1555 dentibus
1457 1522 1565 1555 acutis
1577 1522 1630 1555 vel
1644 1521 1789 1565 obtusis,
1805 1522 1981 1567 connatis3

252 1597 395 1632 floribus
415 1611 550 1633 maso...
571 1599 652 1632 fem.
675 1599 852 1646 oppositis,
870 1596 1119 1644 pedunculatis,
1141 1596 1273 1639 erectis,
1294 1595 1442 1629 bracteis
1462 1596 1581 1639 ovatis,
1605 1595 1722 1639 acutis,
1743 1596 1979 1637 subscariosis,

252 1671 385 1716 albidis,
404 1672 516 1706 fructu
536 1672 751 1719 (immaturo)
766 1670 1050 1718 ovato-elliptico.

302 1747 389 1779 ΗΑΒ.
415 1747 541 1780 Frutex
559 1753 611 1779 est
631 1746 796 1793 rupestris
820 1745 970 1792 regionis
990 1744 1122 1791 Alpinae
1142 1756 1201 1778 seu
1217 1743 1416 1792 Teydensis.
1440 1744 1632 1791 Specimina
1647 1751 1763 1779 nostra
1783 1743 1927 1790 legimus
1941 1743 1982 1777 ad

254 1819 385 1853 fontem
408 1830 495 1853 rosae
520 1817 687 1863 Armidae,
709 1819 772 1853 alia
794 1818 837 1853 ad
861 1818 956 1865 pylas
978 1818 1124 1852 excelsas
1148 1818 1187 1852 la
1208 1817 1422 1865 Degollada
1437 1817 1497 1852 del
1519 1818 1639 1854 Cedro
1661 1818 1767 1853 dictas
1790 1819 1823 1852 in
1844 1817 1987 1865 rupibus

256 1894 383 1928 montis
397 1893 436 1927 la
451 1892 662 1937 Fortaleza,
681 1892 802 1928 florida
819 1893 900 1940 legit
917 1893 959 1927 cl.
983 1895 1190 1939 Bourgeaeus
1203 1893 1238 1927 d.
1262 1906 1302 1940 19
1322 1894 1401 1927 maii
1420 1893 1524 1938 1846.

305 1970 429 2002 Dim..
447 1980 572 2002 GEOGR.
594 1968 729 2015 Species
746 1976 796 2002 est
812 1968 1038 2004 Canariensis.

290 2042 349 2066 Ons.
369 2042 461 2066 Dissert
474 2041 508 2066 ab
523 2042 555 2066 Ε.
569 2042 696 2074 distachya
707 2041 818 2065 ramulis
830 2042 975 2073 gracilibus
987 2043 1032 2066 vix
1044 2043 1154 2071 striatis,
1168 2042 1303 2073 consertis,
1319 2042 1444 2066 soliorum
1454 2043 1557 2074 vaginis
1565 2042 1695 2074 elongatis
1710 2041 1757 2065 diu
1769 2041 1982 2073 persistentibus,

257 2101 371 2125 bracteis
385 2101 512 2125 coriaceis
525 2099 624 2124 albidis
637 2099 825 2128 subscariosis,
839 2099 925 2124 fructu
938 2099 1056 2131 elliptico
1068 2107 1116 2125 nec
1129 2105 1218 2126 ovato,
1233 2100 1267 2125 ab
1283 2101 1316 2124 Ε.
1329 2100 1445 2134 denique
1456 2101 1552 2132 majore
1564 2101 1650 2128 Host„
1664 2101 1705 2125 cui
1718 2101 1786 2124 rami
1797 2099 1983 2129 confertiores,

257 2161 358 2193 vaginis
373 2159 481 2184 omnino
499 2160 619 2184 diversis.

613 2290 652 2330 2.
683 2283 1019 2330 EPHEDRA
1047 2285 1456 2332 DISSOLUTA.
1501 2286 1626 2329 Noss.

308 2396 346 2429 E.
363 2395 474 2429 frutex
492 2406 658 2438 ramosus,
678 2395 818 2429 ramulis
837 2395 994 2443 plurimis
1007 2409 1047 2431 ex
1062 2396 1186 2432 eodem
1200 2396 1293 2432 nodo
1307 2395 1559 2444 prodeuntibus
1574 2423 1582 2439 ,
1602 2394 1770 2438 robustis,
1790 2393 1966 2441 fragilibus
1978 2419 1986 2435 ³

261 2469 304 2504 ad
326 2469 488 2504 articulos
507 2468 767 2516 secedentibus3
789 2468 952 2503 foliorum
977 2471 1105 2518 vaginis
1127 2471 1355 2515 brevissimis,
1376 2471 1498 2516 curtis,
1521 2469 1815 2513 sub-2-dentatis3
1842 2468 1987 2502 floribus

262 2543 481 2588 masculis...,
502 2543 584 2579 fem.
603 2542 647 2577 ad
659 2543 821 2578 articulos
833 2543 1042 2589 fasciculatis,
1063 2545 1164 2593 longe
1185 2545 1433 2593 pedunculatis,
1453 2544 1655 2593 pedunculis
1673 2543 1924 2578 bracteolarum
1938 2556 1988 2578 xa-

262 2618 349 2665 ginis
370 2617 499 2652 crebris
515 2616 679 2651 brevibus
697 2617 935 2652 circumscissis
954 2630 1025 2653 sese
1043 2620 1163 2654 mutuo
1178 2619 1441 2667 recipientibus,
1460 2619 1612 2667 stipati53
1632 2618 1741 2653 fructu
1761 2617 1988 2663 (immaturo)

261 2700 424 2740 angusto,
442 2691 670 2740 cylindraceo.

311 2769 396 2802 ΗΑΒ.
419 2769 457 2802 In
480 2767 611 2802 fissuris
630 2767 768 2814 rupium
783 2766 859 2815 jugi
878 2767 1049 2802 montium
1071 2767 1110 2802 la
1132 2765 1291 2803 Risbala
1313 2767 1394 2803 dicti
1416 2767 1511 2815 quod
1532 2767 1656 2802 vallem
1676 2767 1923 2801 Orotavensem
1945 2766 1987 2801 ad

264 2837 476 2877 occidentem
491 2841 616 2877 claudit
633 2843 739 2890 prope
759 2853 886 2889 pagum
906 2842 1095 2889 Tigayga.

315 2919 438 2953 Dism.
455 2929 582 2952 GEocR.
606 2917 715 2963 Stirps
727 2927 800 2950 esse
812 2916 1026 2951 Canariensis
1040 2915 1189 2951 videtur.

299 2992 358 3015 01³5.
379 2991 471 3016 Differt
483 2991 517 3016 ab
533 2991 563 3016 Ε.
576 2990 671 3023 fragili
687 2989 762 3019 Dess,
779 2989 820 3015 cui
840 2989 953 3013 nimium
966 2989 1054 3014 forsan
1068 2988 1154 3015 affinis
1167 2988 1277 3015 floribus
1288 2989 1411 3015 femineis
1424 2989 1500 3022 longe
1514 2988 1700 3022 pedunculatis
1711 2992 1736 3014 et
1750 2988 1878 3014 foliorum
1888 2989 1991 3020 vaginis

267 3050 434 3075 curtissimis.
